1775 3091
169 238 249 275 328
685 233 958 290 Supplemenia
985 234 1249 273 annotationis

173 347 353 400 fflugius,
391 363 466 389 nec
497 351 632 389 locum
660 348 829 387 invenit.
889 344 1046 398 Quidni
1073 341 1256 400 proximo
1283 346 1492 401 quaesivit,
1537 347 1609 386 ubi

174 412 318 466 Quint.
351 419 450 456 risus
479 419 562 456 vim
591 416 949 468 imperiosissimam
978 413 1194 467 dixerat?}

289 485 326 533 §.
362 489 424 524 10.
494 483 712 522 Tarentini.
778 480 886 523 Flor.
927 485 1049 523 etialn
1095 491 1244 521 starent
1282 483 1413 537 iniqui.
1527 497 1614 534 rege

176 547 342 607 xPyrrho.
387 549 454 590 Sic
483 552 604 588 etiam
632 547 739 590 Flor.
831 553 1030 590 rationem.
1073 548 1181 591 Flor.
1215 553 1320 590 ratio
1342 566 1414 591 res,
1486 548 1614 607 facti.

178 613 312 656 Guelf.
344 632 422 656 om.
503 626 647 671 posset.
693 615 828 658 Guelf.
857 621 994 672 possit.
1079 628 1227 673 opport.
1255 642 1312 649 -
1340 617 1473 671 elapsi.
1527 615 1616 657 Tu-

175 686 246 723 ric.
279 699 301 722 a
331 700 388 736 ΡΥ.
417 699 474 725 m.
510 696 696 739 oportune
721 688 807 738 joce
832 686 961 741 tapsi.
1020 685 1154 727 Guelf.
1186 702 1272 740 opp.
1302 686 1388 725 loco
1417 683 1467 725 el.
1560 699 1616 724 eae

177 751 248 789 lzis.
295 750 408 790 Amb
431 757 467 791 1.
499 751 637 806 Camp.
670 768 724 791 ex
752 755 813 794 iis.
926 756 1061 809 inquit.
1110 753 1246 794 Tusic.
1277 756 1317 792 in
1343 753 1445 808 qnid.
1554 752 1618 792 Ζα-

172 835 282 870 gena.
337 817 461 860 Amb.
494 825 531 861 1.
567 834 591 859 a
629 835 686 874 pr.
724 836 781 863 m.
821 821 979 876 lagona.
1035 821 1171 862 Tufic.
1206 820 1383 874 lagoena.
1495 819 1618 861 invid.

174 888 288 924 crim.
349 884 488 939 Camp.
519 888 701 927 ordinem
728 898 871 929 mutat.

289 954 325 1003 §.
351 958 414 993 11.
458 955 774 996 observationem.
818 956 956 1010 Camp.
980 956 1293 997 observatiorem.
1380 955 1494 996 habet
1511 965 1621 995 sunt-

176 1037 257 1074 que.
308 1019 431 1062 Goth.
463 1023 683 1079 lzesuntque.
735 1023 857 1066 Amb.
884 1030 921 1065 1.
957 1025 994 1066 ἢ.
1024 1036 1111 1065 sunt
1140 1041 1251 1080 quae.
1347 1025 1389 1064 in
1417 1040 1500 1065 occ.
1550 1021 1620 1063 Sic

176 1090 298 1127 etiam
328 1087 440 1128 Sich.

292 1160 328 1208 ξ.
362 1162 429 1197 12.
487 1157 671 1199 habilior.
730 1158 852 1200 Goth.
884 1161 1038 1202 abilior.
1150 1159 1432 1200 inveniendum.
1482 1158 1622 1199 Turio.

179 1231 219 1263 et
248 1222 356 1264 Flor.
387 1239 409 1263 a
428 1240 489 1278 pr.
509 1241 564 1267 m.
594 1225 708 1269 Alm.
735 1228 970 1267 veniendum.
1079 1232 1215 1283 possit.
1257 1228 1324 1269 Sic
1355 1230 1476 1267 etiam
1498 1223 1622 1266 Amb.

182 1295 220 1330 1.
250 1289 358 1331 Flor.
390 1291 478 1333 Par.
517 1299 554 1334 1.
586 1301 624 1336 2.
734 1299 993 1350 proprius—
1012 1296 1100 1339 hab.
1147 1295 1272 1336 Amb.
1301 1301 1339 1337 1.
1370 1294 1479 1335 Flor.
1512 1309 1534 1334 a
1563 1309 1623 1347 pr.

177 1371 234 1398 m.
264 1362 448 1412 proprius
480 1362 618 1415 quibus
648 1363 803 1404 deorum
835 1364 923 1404 hab.
971 1362 1080 1405 Flor.
1111 1380 1134 1404 a
1152 1380 1228 1404 sec.
1254 1380 1306 1403 m.
1332 1365 1515 1418 proprius
1535 1364 1626 1417 qui-

181 1425 251 1464 hus
281 1426 462 1466 decorum
491 1429 580 1467 hab.
703 1447 751 1470 ac
778 1431 898 1472 vultu.
959 1431 1026 1471 Sic
1057 1436 1176 1471 etiam
1205 1431 1330 1471 Amb.
1363 1436 1401 1470 1.
1430 1431 1541 1470 Flor.

182 1492 263 1533 alio
292 1519 348 1525 —
376 1495 593 1535 videamur.
642 1497 710 1537 Sic
742 1501 861 1536 etiam
891 1497 1016 1537 Amb.
1040 1503 1077 1537 1.
1137 1497 1220 1538 Sed
1247 1498 1357 1539 Flor.
1387 1515 1424 1538 a.
1457 1498 1497 1538 cl.
1527 1514 1556 1536 e.
1584 1511 1623 1537 v.

179 1576 220 1601 ua
278 1560 416 1602 Turio.
446 1578 469 1601 a
489 1579 548 1616 pr.
570 1580 625 1604 m.
654 1564 761 1605 Flor.
797 1564 879 1605 alia
909 1565 987 1605 dic.
1019 1573 1093 1605 cet.

298 1629 335 1678 §.
370 1634 435 1669 13.
498 1629 720 1671 Occasioni.
778 1631 845 1672 Sic
864 1635 986 1672 etiam
1015 1631 1107 1671 Par.
1130 1638 1168 1671 1.
1228 1630 1289 1671 At
1307 1629 1433 1671 Amb.
1457 1637 1494 1671 1.
1515 1630 1625 1672 Flor.

183 1709 208 1734 a
233 1710 294 1748 pr.
328 1711 383 1735 m.
417 1712 577 1752 quoque
608 1701 777 1738 occasio.
893 1702 1036 1739 rustici
1064 1700 1179 1741 salse.
1237 1699 1345 1740 Flor.
1378 1710 1472 1739 rust.
1504 1701 1572 1751 agi
1600 1715 1628 1738 a

184 1752 236 1802 se.
291 1761 418 1802 Amb.
445 1770 483 1805 1.
516 1776 608 1804 rust.
635 1769 766 1807 satise.
879 1766 1015 1807 dicant
1043 1771 1084 1807 in
1113 1784 1210 1808 eum.
1267 1755 1390 1807 Amb'.
1415 1771 1452 1806 1.
1473 1765 1564 1806 Par.
1588 1770 1628 1806 1.

186 1832 309 1869 etiam
339 1830 377 1870 ἅ,
408 1842 443 1870 et
472 1835 511 1871 in
535 1850 592 1874 eo.
650 1833 757 1876 Flor.
781 1834 819 1874 d.
843 1836 884 1874 in
905 1851 961 1875 co.
1020 1835 1172 1876 Cel-vic.
1197 1835 1235 1875 d.
1259 1846 1293 1874 et
1314 1837 1354 1873 in
1373 1850 1467 1874 eum.
1515 1832 1629 1872 Sich.

183 1895 224 1935 ἆ.
255 1909 297 1936 ut
327 1914 424 1940 cum.
536 1903 718 1956 quisquis.
775 1901 903 1944 Amb.
926 1908 963 1944 1.
994 1903 1099 1958 quid.
1156 1903 1262 1943 Flor.
1286 1904 1406 1942 etiam
1428 1903 1514 1956 quis
1538 1914 1632 1941 cum

183 1963 295 2006 Sich.

301 2033 338 2084 §.
372 2035 439 2074 14.
503 2034 653 2090 Utique.
708 2034 829 2078 Amb.
854 2044 891 2079 1.
924 2042 1069 2094 itaque.
1184 2037 1253 2077 secl
1282 2039 1386 2093 quia.
1441 2034 1568 2078 Aan.
1592 2041 1631 2078 1.

188 2097 296 2140 Flor.
319 2104 438 2139 etiam
465 2105 655 2144 omittunt
673 2104 753 2146 sed.
836 2117 961 2160 parte.
1005 2105 1073 2147 Sic
1095 2109 1215 2145 etiam
1232 2105 1340 2145 Flor.
1361 2120 1384 2144 a
1406 2120 1464 2158 pr.
1489 2120 1546 2145 m.

190 2167 472 2209 commendata.
531 2170 599 2211 Sic
626 2175 745 2212 etiam
773 2171 862 2213 Par.
889 2179 926 2213 1.
947 2180 1010 2225 2.‚
1050 2183 1088 2213 et
1118 2176 1215 2213 olim
1239 2175 1401 2212 fortasse
1427 2170 1552 2212 Amb.
1578 2177 1631 2223 1.,

190 2237 236 2273 in
266 2250 344 2289 quo
376 2251 427 2276 ex
455 2242 698 2279 correctione
730 2249 787 2280 est
817 2241 1085 2292 commodata,
1131 2241 1240 2295 quod
1267 2243 1366 2278 item
1394 2242 1438 2278 in
1466 2238 1576 2280 Flor.

305 2305 341 2355 ξ.
375 2307 440 2345 15.
498 2308 665 2348 υείαόαΐ.
715 2306 838 2348 Goth.
869 2309 1025 2347 vetabit.
1135 2309 1333 2347 materias.
1381 2305 1490 2347 Flor.
1513 2309 1635 2346 etiam.

190 2373 382 2411 materies.
494 2375 682 2428 singulas,
729 2373 852 2416 Goth.
881 2375 1046 2430 singula.
1161 2376 1496 2414 exercitationem.
1543 2373 1634 2414 Tu-

191 2452 262 2478 nc.
295 2442 588 2482 excitationem.

307 2507 345 2556 §.
380 2512 444 2547 16.
517 2509 620 2562 Quin
648 2532 704 2541 —-
731 2521 930 2550 vocantur.
997 2509 1103 2551 Flor.
1144 2512 1267 2550 etiam
1307 2508 1356 2562 Q.
1397 2511 1505 2564 ipsae
1541 2506 1635 2547 illae

193 2569 326 2612 dictae
353 2586 441 2614 sunt
471 2592 509 2617 α.
537 2592 574 2619 v.
631 2577 757 2618 Aan.
791 2583 829 2618 1.
867 2577 957 2618 Par.
995 2583 1033 2618 1.
1077 2577 1122 2630 Q.
1153 2576 1249 2617 illae
1276 2579 1384 2631 ipsae
1411 2575 1521 2614 dicta
1547 2583 1635 2612 sunt

195 2657 233 2679 α.
264 2655 298 2677 2*-
412 2642 553 2683 dicere.
601 2643 764 2685 Omittit
800 2646 921 2684 etiam
960 2642 1069 2685 Flo'r.
1113 2660 1136 2684 a
1168 2660 1227 2697 pr.
1259 2659 1314 2683 m.
1395 2641 1630 2696 [Wolffius,

196 2713 267 2759 qui
296 2711 389 2751 edit.
418 2709 625 2766 Spalding.
659 2713 709 2753 ad
738 2715 915 2753 tironum
950 2728 1041 2754 usus
1082 2711 1416 2758 accommodavit,
1460 2710 1515 2748 sic
1544 2720 1632 2746 cor-
