1775 3091
237 216 318 258 454

237 328 352 362 adhuc
383 341 465 365 cum
508 329 755 375 comparativo
799 331 815 364 1
849 330 924 372 103,

281 385 350 419 406
374 388 451 420 crit.
481 398 620 431 semper
652 388 832 431 praemitti
867 389 926 421 vi-

283 441 362 476 deri
395 444 647 487 comparativo
680 445 698 478 I
730 443 821 488 596,
865 443 926 478 sed

279 498 369 534 falso
393 500 526 542 videri,
560 502 648 546 quin
669 500 802 545 subjici
825 502 930 535 etiam

290 554 324 587 V
350 567 426 601 109.
450 557 505 590 ΙΙΙ
527 556 586 594 60.

241 630 285 637 -
309 619 345 646 et
383 613 432 645 ad
467 612 532 645 hoc
567 611 666 649 conf.
698 614 716 649 Ι
750 613 812 657 471
849 616 929 648 crit.

289 669 354 711 517
378 669 457 702 crit.
482 669 519 703 V
543 680 621 713 127.

242 725 365 758 aditus
397 727 435 758 iu
468 725 561 769 plur.
591 736 743 762 numero
776 738 812 772 p.
836 726 928 772 sing.

286 779 326 815 II
349 781 394 813 40
416 783 494 816 crit.

243 834 432 880 Adjectiva
455 838 528 872 duo
546 840 623 873 sine
640 840 770 884 copula
793 841 832 875 II
851 838 930 883 437.

244 891 391 935 adjutor
413 892 691 931 ὖποόιὸάσκαλος
714 898 731 930 1
754 895 832 940 289-

246 948 437 983 admittere
460 953 500 986 11
523 952 602 998 449.

244 1003 423 1040 Adverbia
448 1009 486 1042 in
523 1010 653 1043 -z'tus
686 1011 854 1044 exeuntia
879 1009 930 1044 IV

292 1062 369 1096 553.

247 1117 418 1152 adversus
456 1127 492 1154 et
525 1134 672 1156 aversus
703 1124 740 1158 11
774 1133 813 1166 17
850 1124 931 1157 crit.

296 1174 359 1208 165
383 1179 460 1211 crit.
484 1177 536 1211 111
563 1181 602 1212 15
629 1181 705 1213 orit.

248 1228 418 1266 Adulteri
454 1245 570 1277 poena
599 1238 618 1271 I
641 1237 718 1281 497.
745 1234 849 1270 01.ss
873 1248 930 1280 99.

246 1287 436 1322 advocatio
461 1293 498 1325 Π
522 1291 600 1331 584,

245 1343 442 1378 advocatus
464 1347 498 1381 ΙΙ
523 1358 598 1393 191.
614 1347 775 1383 advocati
795 1357 931 1381 merce-

291 1403 382 1434 narii
418 1403 435 1435 1
459 1404 537 1438 250.
571 1415 638 1448 pro
663 1413 782 1439 actore
805 1414 931 1439 causae

291 1457 328 1491 II
354 1458 407 1492 15.

248 1513 354 1546 aedes
377 1522 413 1549 et
436 1516 533 1548 sedes
556 1514 651 1550 conf.
674 1517 709 1548 11
733 1515 775 1549 63
810 1517 886 1549 crit.

247 1569 424 1604 aemulari
446 1579 576 1606 constr.
598 1573 655 1607 IV
676 1583 751 1615 107.

248 1624 399 1661 Aeolica
433 1627 605 1663 dialectos
635 1636 748 1663 mater
789 1627 932 1672 linguae

293 1681 399 1717 Rom.
424 1684 441 1717 1
467 1683 541 1718 156.

249 1738 409 1784 aequalis
432 1747 468 1774 et
490 1739 688 1785 aequabilis
711 1739 763 1775 IV
786 1751 843 1783 70.

248 1793 441 1831 Aerarium
465 1799 621 1831 sanctius
642 1797 697 1830 lV
723 1797 799 1832 158.

250 1849 397 1895 Ae'ropo
423 1853 471 1886 1V
494 1853 571 1897 587.

250 1919 314 1941 aes
337 1915 373 1942 et
395 1920 438 1943 us
467 1909 522 1953 (in
555 1907 650 1946 Cass.
683 1909 811 1954 obliq.)
835 1909 933 1946 conf.

297 1965 337 1999 Π
363 1965 442 2000 260.

251 2017 452 2055 Aeschines
480 2022 599 2057 Rhodi
623 2023 744 2058 rhetor
773 2022 824 2055 IV
855 2022 931 2057 618.

253 2092 297 2103 --
319 2079 357 2110 in
382 2077 540 2123 ctesiph.
559 2091 640 2125 pag.
664 2079 708 2114 83
723 2077 847 2124 Steph.
871 2080 934 2113 ad-

293 2135 394 2178 jutu,
418 2135 436 2168 1
458 2135 537 2178 476.
558 2125 564 2128 “

251 2187 427 2234 Aeschyli
450 2190 590 2226 {abulae
613 2199 792 2227 correctae
815 2191 866 2225 IV
881 2192 935 2227 55.

250 2245 493 2291 Aesopiarum
527 2247 732 2284 fabularum
769 2251 871 2294 origo
901 2249 936 2284 ΙΙ

297 2302 375 2339 518.

253 2357 364 2395 Aetas
389 2363 591 2404 quaestoria
616 2361 666 2394 IV
690 2361 767 2397 554.

253 2415 400 2460 affectio
423 2425 459 2450 et
484 2417 671 2460 affectatio
686 2418 782 2452 cons.
802 2417 834 2451 V
858 2416 933 2451 160.

252 2471 415 2517 affectus,
439 2480 474 2507 et
494 2472 616 2508 πάθος
650 2481 685 2508 et
709 2469 801 2517 ἦθος
823 2471 933 2507 Grae-

299 2540 426 2564 corum
447 2530 686 2574 complectens
719 2531 753 2565 11
777 2530 842 2564 542
856 2553 866 2572 ,
889 2530 932 2564 cf.

296 2586 378 2628 490.

253 2640 384 2684 afferre
407 2643 479 2674 vim
505 2644 520 2675 1
546 2642 623 2685 619.

253 2695 451 2741 affirmatio
482 2697 533 2731 IV
557 2698 635 2731 445.

827 218 1089 259 Inde-Y.

990 328 1154 367 Africani
1168 327 1345 374 Scipionis
1365 332 1575 376 magnitudo
1600 335 1679 368 ani-

1037 388 1087 422 mi
1110 386 1162 422 IV
1185 386 1264 421 232.

993 441 1186 478 Africanus
1209 442 1330 478 Julius
1353 451 1473 479 orator
1495 444 1550 480 111
1574 456 1654 491 29⁰·

994 498 1188 546 agentibus
1227 499 1349 540 rebus,
1385 503 1411 535 i.
1445 512 1477 536 e.
1508 514 1591 537 cum
1630 505 1682 537 nic

1041 563 1194 600 agantur
1221 558 1277 591 III
1303 558 1382 600 457.

994 624 1101 658 agere
1123 619 1158 645 et
1180 612 1309 646 habere
1332 612 1430 649 conf.
1455 613 1491 649 11
1517 615 1579 661 189
1603 615 1680 650 crit.

1038 668 1082 703 cf.
1109 668 1163 704 IV
1190 670 1255 703 140
1278 672 1356 704 crit.

993 743 1039 752 -—
1065 732 1100 759 et
1123 738 1244 770 gerere
1267 727 1363 760 cons.
1389 726 1441 761 IV
1464 725 1507 771 76
1530 728 1610 762 crit.

994 800 1038 808 --
1061 781 1188 815 bellum
1212 781 1263 814 IV
1287 781 1329 824 76
1364 785 1440 817 crit.
1476 795 1583 829 agere
1605 796 1680 817 ma-

1039 839 1237 884 gistratum
1261 839 1297 872 V
1322 849 1398 873 101.

996 906 1110 940 agger
1134 906 1171 938 p.
1194 895 1249 928 via
1273 894 1414 938 publica
1446 896 1503 930 IV
1534 895 1613 940 676.

996 951 1214 996 Aglaophon
1238 952 1355 994 pictor
1386 950 1559 986 confusus
1597 964 1681 988 cum

1040 1006 1302 1051 Aristophonte
1327 1008 1384 1043 IV
1396 1007 1474 1042 604.
1498 1009 1542 1043 cf.
1562 1008 1682 1043 V445.

997 1064 1037 1099 ai
1059 1076 1124 1108 pro
1147 1077 1190 1098 ae
1212 1065 1415 1098 terminatio
1453 1065 1583 1104 declin.
1607 1067 1682 1111 pri-

1040 1132 1119 1155 mae
1144 1121 1238 1164 apud
1262 1121 1394 1166 Virgil.
1430 1122 1448 1157 I
1474 1122 1550 1159 183.

996 1176 1135 1213 Albani
1160 1184 1195 1211 et
1218 1175 1390 1211 Albenses
1415 1179 1433 1213 ἶ
1465 1180 1539 1222 147.

996 1233 1115 1268 album
1137 1233 1316 1268 Praetoris
1336 1234 1389 1268 IV
1412 1234 1490 1270 544.

995 1290 1169 1326 Albutius
1193 1290 1317 1324 rhetor
1342 1292 1360 1325 I
1377 1289 1456 1323 362.

996 1347 1152 1382 Alcaeus
1175 1347 1264 1382 levis
1289 1347 1342 1382 IV
1366 1348 1422 1381 52.

996 1404 1205 1439 Alexander
1212 1403 1395 1438 pheraeus
1414 1405 1552 1438 occisus
1561 1404 1616 1439 111
1627 1405 1685 1442 26.

995 1460 1235 1494 Alexandrini
1258 1463 1363 1504 pueri
1398 1462 1437 1493 in
1459 1459 1596 1496 deliciis
1619 1461 1683 1496 ha-

1042 1516 1107 1549 biti
1134 1517 1149 1548 1
1173 1517 1229 1560 59.

996 1571 1135 1605 alienus
1158 1582 1242 1605 cum
1274 1569 1396 1605 Ablat.
1430 1572 1467 1604 II
1489 1571 1570 1616 547.

997 1627 1135 1671 alioqui
1158 1628 1198 1661 II
1225 1638 1274 1660 ιο.
1300 1626 1352 1661 IV
1381 1627 1455 1670 147.
1487 1628 1628 1674 alioqui
1649 1637 1684 1665 et

1044 1683 1207 1728 alioquin
1236 1681 1364 1717 1V618
1388 1685 1464 1717 crit.

999 1739 1194 1785 aliquando
1218 1749 1285 1784 pro
1319 1739 1536 1784 identidem,
1559 1740 1686 1777 subin-

1044 1797 1088 1831 de
1117 1798 1136 1831 I
1169 1796 1221 1831 15.
1543 1826 1546 1831 .

999 1853 1188 1898 aliquanto
1213 1865 1250 1898 p.
1274 1852 1381 1897 longe
1407 1852 1425 1886 1
1447 1851 1527 1886 245.

999 1909 1140 1954 aliquid
1160 1909 1274 1944 intell.
1299 1910 1466 1943 momenti
1489 1911 1545 1945 IV
1567 1910 1648 1957 569.

1000 1965 1134 2010 aliquis
1165 1977 1200 2010 p.
1233 1967 1324 2001 alius
1356 1968 1437 2011 quis
1473 1968 1491 2002 I
1517 1966 1585 2001 530
1608 1969 1685 2003 crit.

1044 2023 1080 2056 11
1107 2021 1184 2056 146.

999 2090 1072 2112 non
1094 2078 1202 2113 aliter
1225 2091 1327 2123 quam
1356 2079 1394 2114 11
1419 2079 1496 2113 158.

1001 2135 1096 2168 alias
1119 2143 1154 2170 et
1177 2135 1240 2169 ille
1262 2134 1360 2169 cons.
1385 2136 1440 2171 IV
1462 2135 1542 2172 553.

1000 2191 1184 2225 allectatio
1207 2194 1224 2226 Ι
1249 2192 1315 2226 228
1336 2194 1414 2226 crit.

1001 2248 1164 2293 allegare
1185 2250 1204 2283 Ι
1226 2249 1304 2292 587.
1329 2249 1367 2283 V
1393 2248 1469 2292 157.

1001 2317 1127 2340 amara
1160 2315 1230 2339 vox
1260 2307 1284 2339 i.
1308 2316 1342 2350 q.
1377 2304 1502 2340 acerba
1526 2305 1581 2339 lv
1603 2305 1683 2340 465.

1001 2373 1122 2394 amare
1151 2361 1311 2405 aliquem
1359 2361 1480 2404 (amas
1513 2373 1586 2404 me,
1625 2362 1683 2397 lo-

1045 2418 1181 2461 quendi
1204 2416 1330 2462 genus)
1355 2419 1392 2452 11
1416 2417 1495 2451 606.

999 2472 1209 2507 ambitiosus
1231 2476 1256 2508 i.
1282 2485 1316 2519 q.
1338 2474 1514 2518 superbu-
1536 2474 1593 2509 IV
1604 2475 1682 2518 259.

999 2529 1154 2564 ambitus
1184 2542 1299 2563 rerum
1339 2531 1366 2563 i.
1407 2542 1443 2575 q.
1488 2530 1682 2574 descriptio

1043 2587 1098 2619 IV
1126 2587 1178 2619 13.

999 2640 1166 2682 ambitus,
1190 2641 1338 2673 ambitio
1361 2641 1481 2687 signif.
1506 2644 1522 2677 I
1539 2641 1582 2675 46
1597 2640 1679 2676 coll.

1047 2698 1079 2731 V
1107 2699 1146 2732 18
1171 2705 1205 2732 ει
1229 2698 1282 2732 IV
1306 2696 1383 2739 567.
