1775 3091
401 215 454 255 acl
485 215 645 269 Quintil.
676 214 806 256 Instit.
840 213 894 263 V,
929 220 992 256 11.
1026 215 1063 267 §.
1088 221 1282 264 20-28,
1478 220 1557 257 279

124 328 230 368 Flor.
267 326 386 368 Amb.
409 334 448 369 2.
469 331 596 368 simus.
702 328 855 369 tandem
883 346 953 369 me.
1004 327 1123 370 Amb.
1160 335 1196 370 1.
1230 335 1269 371 2.
1307 328 1415 369 Flor.
1450 346 1500 368 m.
1526 340 1552 367 r.

209 406 370 451 oporiet.
416 395 541 436 Amb.
564 402 602 437 1.
633 408 837 451 oporteret.
926 400 1152 452 jactatione.
1198 395 1331 438 Guelf.
1364 395 1483 436 Amb.
1514 403 1551 436 2.

125 466 287 505 actione.
370 480 483 504 max.
507 475 618 518 temp.
671 463 739 504 Sic
758 467 877 503 etiam
897 463 1001 505 Flor.
1033 464 1159 506 Amb.
1182 471 1218 506 2.
1246 464 1336 506 Par.
1361 469 1397 504 1.
1421 470 1458 504 2.
1473 495 1483 514 ,
1516 473 1555 502 et

122 535 262 584 procul
284 532 404 572 dubio
422 529 542 572 Amb.
567 537 600 570 1.
695 531 764 570 sed
782 542 817 570 et
838 547 874 571 a.
926 531 1058 572 Guelf.
1086 531 1211 572 Amb.
1232 537 1271 573 2.
1293 534 1482 572 omittunt
1504 541 1551 568 ct.

236 600 273 649 §.
303 601 369 639 24.
426 599 513 638 tali.
560 597 686 638 Amb.
713 604 751 639 1.
773 590 897 652 ίαῖἰᾶ,
937 615 1029 639 cum
1049 603 1161 654 signo
1182 598 1330 639 mendi.
1418 598 1547 637 admo-

121 665 296 705 nendum.
345 664 466 706 Goth.
498 663 789 706 admovendum.
907 669 1049 707 rarius.
1096 667 1203 708 Flor.
1235 682 1258 706 a
1287 682 1346 720 pr.
1374 681 1427 706 m.
1456 668 1555 705 item

118 735 269 786 parius.
363 742 417 772 est
438 734 578 772 rarius.
628 730 762 774 Guelf.
783 735 899 773 inser.
925 735 1044 786 cujus.
1152 731 1298 774 εἰκόνα.
1353 732 1474 774 Goth.
1500 749 1556 772 ει-

122 815 248 840 κιοιά.
360 799 567 854 lanipedis.
624 799 691 841 Sic
720 803 841 840 etlam
869 799 958 841 Par.
994 806 1031 841 1.
1062 807 1102 842 2.
1134 806 1172 844 3.
1235 801 1405 855 lanipecli
1436 802 1556 840 etiam

121 865 247 907 Amb.
278 873 316 908 1.
344 866 451 910 Flor.
510 867 705 923 lanipendi
732 866 856 907 Amb.
891 873 932 908 2.
1033 885 1106 923 quo
1131 869 1244 922 prob.
1302 869 1407 910 Flor.
1430 867 1554 909 Goth.

123 934 228 988 quod
242 952 303 989 pr.
358 934 494 988 Camp.
516 935 558 975 id
574 953 637 990 pr.
724 946 856 975 sentes.
907 935 1033 976 Amb.
1061 941 1097 975 1.
1128 935 1262 976 Turio.
1280 936 1311 976 F
1314 939 1387 976 lor.
1409 938 1554 991 spinas.

207 1019 267 1045 ac,
323 1002 390 1043 Sic
418 1005 538 1042 etiam
562 1002 688 1042 Amb.
719 1008 756 1043 1.
789 1009 828 1043 2.
870 1002 1006 1044 Turio.
1049 1002 1154 1044 Flor.
1271 1004 1405 1042 dumos
1437 1003 1556 1043 culta.

122 1068 257 1110 Turio.
277 1086 299 1109 a
319 1086 373 1124 pr.
392 1085 446 1109 m.
470 1069 560 1108 dum
582 1070 771 1110 osculata.
819 1068 952 1113 Guelf.
977 1070 1066 1109 dum
1087 1069 1261 1111 exculta.
1305 1070 1426 1119 Goth.
1446 1070 1555 1110 Jens.

122 1146 162 1176 et
182 1138 270 1177 edd.
294 1147 383 1177 ante
401 1136 528 1176 Stoer.
552 1152 643 1177 cum
663 1140 715 1177 eis
737 1153 797 1190 ap.
814 1136 953 1176 Burm.
979 1137 1114 1179 dumos
1134 1138 1309 1178 eat-culta.
1418 1148 1485 1177 aut
1506 1139 1553 1175 si.

121 1202 243 1245 Amb.
266 1210 304 1245 2.
335 1215 377 1244 ut
402 1206 449 1243 si.
553 1203 744 1244 ostendas.
796 1204 900 1245 Jens.
932 1213 972 1244 et
996 1205 1086 1244 edd.
1120 1214 1211 1244 ante
1237 1205 1338 1246 ΑΜ.
1368 1203 1554 1244 ostendes.

206 1288 413 1312 commune.
476 1269 609 1312 Guelf.
643 1274 847 1311 communi.
949 1271 1226 1328 formicasque
1244 1271 1396 1311 --1secl
1425 1273 1556 1311 etiam.

123 1337 257 1379 Guelf.
287 1340 387 1379 haec
421 1342 579 1379 omittit.

234 1418 268 1468 §.
300 1423 366 1458 25.
420 1434 569 1471 genere.
612 1415 750 1470 Camp.
771 1431 851 1456 om.
939 1416 1085 1457 dictum
1106 1417 1204 1456 illud
1224 1428 1279 1456 est
1302 1415 1383 1458 Cic,
1434 1413 1557 1456 Goth.

121 1482 257 1537 Camp.
285 1483 323 1524 d.
355 1500 385 1523 e.
418 1487 443 1524 i.
475 1483 518 1524 C.
579 1482 712 1524 Guelf.
744 1483 782 1523 cl.
814 1486 839 1524 i.
873 1482 913 1523 C.
934 1501 964 1523 e.
1066 1484 1141 1524 lzac
1163 1501 1269 1539 corp.
1318 1485 1466 1526 Vidov.
1495 1483 1559 1522 hic

120 1566 224 1605 corp.
316 1567 406 1590 usus
428 1562 496 1590 est.
549 1549 669 1591 Goth.
696 1552 877 1590 ordinem
896 1560 1038 1591 mutat.

231 1630 264 1681 §.
295 1634 362 1670 26.
417 1633 618 1684 propiora.
668 1628 791 1670 Aan.
819 1635 857 1670 1.
877 1635 918 1671 2.
943 1633 1140 1685 propiore.
1190 1629 1308 1671 Voss.
1334 1636 1372 1672 1.
1396 1635 1435 1670 3.
1462 1646 1558 1685 pro-

118 1699 236 1750 piori.
302 1696 409 1736 Flor.
447 1697 560 1737 Alm.
602 1695 725 1737 Goth.
766 1695 885 1735 Voss.
916 1702 954 1736 2.
987 1695 1109 1736 Bern.
1146 1701 1370 1751 propriora.
1481 1697 1554 1736 his.

120 1763 243 1802 Amb.
269 1769 305 1803 1.
326 1767 392 1804 eis.
450 1763 576 1803 Amb.
601 1769 639 1803 2.
673 1761 796 1802 Goth.
825 1765 886 1801 iis.
991 1765 1116 1803 navis.
1172 1763 1307 1808 Guelf,
1334 1767 1470 1815 majus.

122 1833 180 1868 ita
201 1847 308 1884 quae.
357 1829 480 1870 Amb.
506 1836 541 1869 1.
564 1833 704 1884 itaque.
795 1828 984 1883 pluribus.
1033 1829 1165 1870 Guelf.
1190 1832 1376 1872 omnibus.
1458 1830 1559 1888 for-

121 1913 237 1936 mam.
288 1896 412 1937 Amb.
451 1897 680 1953 Lsormae.
792 1907 866 1936 ret.
897 1907 933 1935 et
963 1897 1062 1950 larg.
1111 1896 1234 1939 Goth.
1262 1899 1370 1940 Jens.
1401 1908 1439 1938 et
1465 1900 1555 1938 edd.

122 1973 213 2003 ante
244 1963 371 2005 Stoer.
399 1964 426 2005 Z.
454 1982 484 2005 e.
518 1980 556 2004 υ.
649 1962 875 2018 pudicitiae.
932 1963 1067 2004 Etiam
1096 1964 1218 2006 Amb.
1252 1972 1289 2006 1.
1320 1966 1426 2007 Flor.
1460 1969 1559 2004 ami-

123 2034 252 2072 citiae.
1427 2028 1429 2030 ¹

233 2112 269 2162 ξ.
301 2115 369 2151 27.
430 2109 562 2149 Etiam
593 2112 646 2150 in.
707 2109 816 2150 Jens.
849 2118 887 2149 et
917 2110 1005 2150 edd.
1040 2120 1132 2152 aute
1159 2110 1259 2153 Ald.
1287 2115 1404 2152 inser.
1428 2113 1471 2149 si.

124 2179 354 2218 Socraticis.
401 2177 507 2217 Flor.
532 2176 665 2219 Guelf.
688 2175 809 2217 Goth.
827 2176 953 2218 Amb.
971 2184 1011 2218 2.
1031 2178 1120 2219 Par.
1143 2185 1180 2220 1.
1203 2186 1244 2226 2.
1266 2183 1385 2219 etiam
1407 2178 1556 2217 Socra-

124 2248 187 2284 iis.
274 2262 450 2300 quarum.
500 2242 633 2285 Guelf.
653 2243 778 2285 Amb.
798 2250 837 2285 2.
859 2261 1032 2300 quorum.
1122 2247 1371 2287 Aeschinem.
1421 2244 1555 2286 Guelf.

126 2311 248 2352 Goth.
274 2312 490 2353 Eschincm.
591 2313 800 2366 Aspasiae.
843 2310 950 2353 Flor.
974 2315 1093 2353 etiam
1113 2314 1310 2368 asphasz'a.
1365 2313 1491 2354 Amb.
1516 2318 1554 2354 1.

284 2375 302 2393 8

125 2404 313 2455 aspasias.
407 2401 688 2456 Xenophontis.
740 2399 878 2455 Camp.
900 2402 1163 2456 Zenophontis
1183 2406 1255 2444 bis.
1352 2402 1555 2460 trcznffirt.

125 2468 230 2508 Flor.
257 2467 499 2524 transferret.
606 2468 708 2522 quod
739 2465 877 2509 Cicero
897 2494 953 2501 ·—
973 2486 1093 2512 uxor.
1145 2471 1279 2513 Guelf.
1311 2471 1434 2512 Goth.
1456 2471 1556 2510 haec

126 2538 263 2576 omnia
292 2538 494 2575 omittunt.

239 2618 273 2664 §.
316 2618 382 2654 28.
451 2614 578 2654 habes.
639 2614 762 2655 Amb.
793 2621 830 2657 1.
861 2625 900 2658 2.
947 2618 1051 2658 Flor.
1083 2632 1240 2671 quoque
1271 2620 1475 2657 omittunt.

126 2693 312 2721 utrumne.
363 2681 430 2723 Sic
452 2684 569 2722 etiam
594 2681 713 2723 Amb.
740 2689 778 2724 1.
799 2691 837 2725 2.
871 2684 975 2725 Flor.
996 2685 1084 2725 I‘ar.
1109 2691 1145 2725 1.
1167 2690 1204 2725 2.
1229 2691 1268 2726 3.
1375 2683 1480 2724 illins
1505 2707 1560 2715 --
