1775 3091
405 195 458 235 acl
489 194 650 250 Quintil.
679 194 806 234 Iustis.
839 192 916 242 VI,
956 199 994 234 2.
1024 195 1059 244 §.
1089 196 1254 234 5—14.
1467 203 1541 239 321

223 314 257 362 ξ.
290 316 357 351 11.
415 327 502 351 cum
520 334 577 342 —-
595 311 744 349 vocari.
801 306 925 348 Amb.
949 313 987 347 1.
1016 323 1102 347 cum
1131 322 1185 350 ex
1216 309 1244 348 ἰ.
1273 324 1305 348 e.
1327 308 1366 349 h.
1392 309 1420 351 l.
1451 312 1552 353 nihil

108 394 184 418 non
205 379 254 418 ab
282 377 400 435 -f
432 394 481 418 ac
511 395 547 418 n.
575 376 611 432 f
641 377 805 416 discitur
835 375 908 414 lzoc
936 391 973 415 v.
1031 374 1136 416 Flor.
1166 391 1251 415 cum
1269 391 1323 414 ex
1345 379 1386 425 i.,
1417 388 1544 419 cetera

107 454 153 485 ut
191 446 325 486 editio.
390 445 479 486 Par.
510 451 550 485 2.
594 445 757 484 exhibet
795 442 944 482 dicitur
985 445 1093 494 ηθος
1141 457 1212 496 pro
1251 443 1417 484 discitur
1454 448 1542 488 lzuc.

107 511 216 565 [Res
246 516 365 566 igitur
396 515 576 552 confecta
607 515 702 563 erit,
750 513 784 550 si
812 512 1032 563 scripseris:
1083 509 1211 559 Nam,
1262 526 1348 550 cum
1384 528 1439 552 cx
1476 515 1545 556 illo

106 590 142 618 et
171 581 245 619 boc
274 580 360 619 Ioco
391 580 491 619 nihil
517 596 591 618 non
622 580 670 618 ab
697 590 854 618 oratore
880 588 1090 628 tractetur,
1141 577 1326 633 quidquid
1352 579 1399 619 de
1427 581 1545 622 lione-

104 649 176 685 stis
215 658 251 685 et
290 646 470 695 utilibus,
528 646 685 700 denique
716 645 923 702 faciendis
971 656 1005 683 et
1045 661 1121 685 non
1144 645 1351 702 faciendis
1384 647 1543 702 dicitur,

104 707 214 766 ἦθος
241 716 379 754 vocari
403 724 540 768 potest.
608 712 722 765 Quid
749 716 800 753 sit
828 728 883 752 cx
913 711 983 752 illo
1013 724 1047 751 et
1075 713 1149 752 hoc
1178 713 1263 753 loco
1292 717 1414 755 miror
1440 718 1546 759 diffi-

104 784 180 820 cile
209 784 341 821 visum
371 797 452 821 esse
481 784 782 836 interpretibus,
828 783 898 835 qui
926 783 1151 833 saepissime
1180 783 1287 835 apud
1316 780 1460 834 Quin-t.
1495 786 1544 826 de

102 857 272 903 utroque
303 850 445 902 agendi
474 852 562 889 loco
592 851 793 902 legissent.
842 847 1008 887 Dictum
1038 857 1094 888 est
1124 850 1173 888 de
1202 859 1373 905 utroque
1402 861 1546 905 actore,

104 918 175 969 qui
211 919 308 969 petit
348 926 386 956 et
414 918 522 956 unde
551 921 720 972 petitur,
768 918 833 957 vel
862 924 1087 957 accusatore
1117 926 1156 957 et
1183 933 1274 966 reo,
1324 933 1545 976 eorumque

102 983 321 1036 patronis.]

216 1053 252 1103 ᾧ.
287 1056 353 1091 12.
421 1061 536 1106 atquc
573 1075 629 1082 -—
667 1052 832 1091 interim.
899 1049 1039 1105 Camp.
1087 1062 1203 1106 atque
1250 1051 1325 1093 hoc
1367 1054 1436 1093 sed
1473 1058 1545 1098 int.

102 1115 136 1157 F
139 1120 211 1158 lor.
245 1121 320 1171 ηθ.
351 1119 418 1157 secl
448 1123 513 1158 int.
625 1121 689 1158 sit.
751 1117 892 1171 Camp.
924 1122 995 1158 sic.
1108 1119 1275 1160 diversa.
1333 1118 1457 1162 Goth.
1482 1123 1548 1162 di-

100 1187 201 1226 visa.
311 1190 493 1227 concitat.
552 1185 678 1227 Amb.
711 1191 749 1226 1.
793 1184 902 1225 Flor.
944 1189 1066 1226 etiam
1104 1188 1328 1227 concitavit.
1444 1188 1550 1229 Pro-

98 1255 196 1307 prie.
254 1252 322 1294 Sic
353 1258 472 1294 etiam
499 1254 624 1294 Amb.
652 1259 689 1293 1.
723 1251 833 1294 Flor.
873 1253 965 1294 Par.
996 1260 1037 1294 2.
1095 1253 1155 1294 At
1183 1253 1321 1295 Turio.
1348 1259 1547 1311 propriae.

183 1333 311 1361 tamen
338 1347 394 1353 —
423 1333 491 1362 cst.
552 1321 619 1362 Sic
651 1324 770 1361 etiam
796 1320 922 1361 Amb.
955 1326 992 1361 1.
1022 1319 1132 1361 Flor.
1174 1321 1266 1361 Par.
1294 1327 1335 1362 2.
1449 1340 1548 1378 qua-

101 1399 218 1428 tenus.
277 1389 413 1430 Turio.
449 1392 640 1443 quatinus.
746 1399 821 1427 sat.
851 1387 990 1445 signif.
1050 1386 1173 1429 Goth.
1202 1391 1322 1429 inser.
1351 1390 1460 1430 mihi.

100 1458 333 1511 significari.
389 1455 498 1496 Flor.
531 1459 650 1495 etiam
680 1457 918 1510 significare.

216 1525 252 1573 §.
286 1528 352 1565 13.
412 1523 600 1578 quodque.
656 1521 780 1562 Amb.
815 1527 853 1563 1.
893 1538 1088 1576 quaeque,
1135 1523 1243 1575 prius
1274 1538 1422 1578 quoque
1450 1541 1544 1566 cum

101 1593 239 1632 Guelf.
353 1608 379 1631 a
411 1591 638 1631 dicentibus.
695 1588 805 1630 Flor.
836 1592 959 1629 etiam
989 1589 1261 1629 adicientibus.
1318 1590 1410 1632 Par.
1445 1598 1481 1632 1.
1500 1600 1542 1634 2.

101 1663 223 1699 etiam
251 1675 277 1698 α
305 1658 542 1699 docentibus.
645 1659 786 1714 fluere.
842 1655 979 1696 Turic.
1012 1671 1035 1694 a
1061 1671 1120 1708 pr.
1152 1672 1209 1696 m.
1226 1659 1384 1711 flueret.
1432 1658 1544 1701 Flor.

101 1742 125 1766 a
153 1743 213 1780 pr.
246 1742 301 1765 m.
319 1729 503 1782 fluerent.
625 1722 922 1779 quodammodo.
981 1721 1116 1763 Turic.
1146 1722 1360 1777 quosdam,
1409 1740 1433 1766 a
1463 1742 1544 1769 sec,

100 1809 155 1834 m.
186 1792 366 1847 quodam.

215 1862 252 1913 ξ.
285 1860 352 1900 14.
411 1861 573 1913 quoties.
609 1855 734 1896 Amb.
760 1861 795 1896 1.
828 1857 1014 1910 quotiens.
1107 1854 1296 1913 ferimus.
1335 1857 1402 1899 Sic
1423 1862 1551 1907 etiam*

101 1926 227 1969 Amb.
258 1933 295 1968 1.
336 1926 427 1967 Par.
453 1931 493 1967 2.
604 1923 846 1980 praeferunt.
902 1923 970 1964 Sic
1000 1925 1123 1963 etiam
1150 1923 1277 1964 Amb.
1312 1930 1351 1966 1.
1380 1926 1470 1967 Par.
1503 1934 1541 1970 1.

190 2011 319 2035 eorum
348 1997 419 2049 ips.
470 1991 604 2034 Guelf.
636 1994 814 2031 ordinem
842 2001 984 2031 mutat.
1096 1990 1311 2033 laeduntur.
1356 1993 1485 2035 Amb.
1504 2001 1542 2036 1.

102 2078 263 2119 quoque
302 2061 505 2102 laedimur.
630 2059 733 2114 quod
769 2076 914 2099 amare.
961 2058 1098 2099 Tul-ic.
1136 2073 1160 2099 a
1194 2075 1254 2113 pr.
1285 2075 1341 2102 m.
1373 2062 1544 2116 quodam

103 2147 248 2171 amare.
363 2129 445 2169 alia
474 2144 559 2168 cum
587 2130 731 2167 vitium.
778 2126 846 2167 Sic
876 2129 997 2166 etiam
1025 2125 1134 2167 Flor.
1166 2141 1189 2166 a
1217 2143 1278 2180 pr.
1308 2143 1390 2181 m.3
1428 2130 1498 2169 sed
1518 2145 1542 2170 a

102 2213 180 2238 sec.
211 2213 267 2238 m.
299 2213 391 2238 cum
420 2195 544 2236 Amb.
562 2201 598 2235 1.
631 2194 748 2233 alieni
776 2196 1006 2236 convicium.
1061 2193 1152 2235 Par.
1187 2199 1224 2234 1.
1254 2210 1292 2234 a.
1321 2198 1420 2236 enim
1449 2212 1544 2238 con-

101 2268 257 2305 vicium.
359 2264 464 2321 jhm.
523 2262 632 2304 Flor.
665 2265 784 2302 etiam
801 2261 918 2318 jerit.

216 2331 450 2385 [Praeclare
487 2330 630 2371 Ambr.
662 2335 697 2370 1.
727 2345 814 2369 cum
842 2344 962 2369 senex
992 2326 1247 2369 adolescentis
1266 2328 1384 2370 alieni
1419 2330 1471 2384 (i.
1502 2348 1540 2373 e.

102 2414 187 2439 non
216 2402 288 2438 filii
316 2403 401 2451 sui,
455 2400 503 2439 de
532 2414 611 2454 quo
642 2395 787 2451 antea)
831 2400 1068 2448 convicium,
1126 2397 1304 2436 honestus
1340 2397 1543 2456 ufir-ioris

91 2468 208 2526 firt5
253 2470 333 2518 jam
363 2470 472 2506 enim
499 2470 568 2522 qui
593 2468 784 2505 molestus
813 2466 942 2505 fuerat
969 2467 1182 2505 verborum
1212 2465 1332 2515 ordo,
1382 2468 1541 2519 elegans

103 2538 161 2575 fit.
219 2532 268 2573 In
307 2536 354 2574 iis
392 2544 524 2574 autem
564 2548 666 2589 quae
704 2541 945 2587 sequuntur,
995 2547 1079 2572 non
1119 2532 1274 2573 videtur
1304 2533 1352 2571 ab
1378 2535 1540 2586 ingenio

103 2605 293 2644 sermonis
331 2600 470 2642 Latini
507 2601 716 2642 abhorrere
730 2632 747 2660 ‚¹
792 2607 839 2641 ut
873 2602 1067 2642 concitari
1104 2607 1145 2641 et
1182 2599 1293 2658 affici
1320 2600 1405 2639 sine
1433 2610 1540 2642 certo

103 2673 277 2722 subjecto
305 2669 607 2728 intelligantur]

151 2738 250 2776 Tom.
298 2736 342 2773 V·
1038 2731 1086 2774 X
