1775 3091
424 253 476 293 αιῖ
507 253 666 306 Quintil.
698 253 823 294 Instie.
855 250 909 300 77,
943 256 1002 293 12.
1035 253 1064 306 ξ.
1097 252 1261 291 6-14,
1473 256 1553 294 285

237 370 272 421 §.
308 373 374 409 11.
431 366 672 407 Intuendum.
731 364 864 407 Guelf.
905 364 1182 406 intendendum.
1296 373 1332 403 et
1379 366 1446 420 qui
1489 367 1555 405 sil.

122 436 257 476 Turio.
282 437 389 477 Flor.
409 433 520 476 Alm.
541 434 677 487 Camp.
700 433 818 474 Voss.
839 439 877 474 2.
901 433 1020 474 Tarv.
1039 433 1139 474 Ald.
1164 434 1305 490 etquis
1322 435 1387 473 sit.
1435 431 1556 474 Voss.

127 510 165 545 1.
187 516 219 543 ct
239 504 330 559 quid
349 506 413 543 sit.
460 502 569 544 Jens.
591 501 689 542 Loc.
712 501 820 542 Ven.
845 512 879 540 ct
901 504 997 555 quis,
1095 512 1129 540 ct
1150 500 1192 540 irl
1211 501 1326 556 qaod.
1378 501 1494 542 Voss.
1517 507 1555 542 1.

124 577 164 613 3.
195 575 384 611 omittunt
412 569 467 610 id.
529 569 654 610 Amb.
680 574 715 609 1.
741 568 877 609 Turio.
913 584 935 608 a
969 584 1028 622 pr.
1062 585 1117 610 m.
1151 568 1255 610 Flor.
1279 569 1346 609 secl
1373 569 1414 609 ιἰΖ
1439 567 1556 624 quod.

121 638 238 678 Alm.
270 655 335 677 scu
365 636 406 676 id
425 636 542 692 quocl.
655 647 690 676 et
709 649 881 692 prooem.
936 633 1040 677 Item
1067 635 1192 677 Amb.
1213 641 1250 678 1.
1279 636 1416 678 Turio.
1446 636 1556 677 Flor.

119 704 246 745 Amb.
266 711 306 746 2.
335 704 424 746 Par.
458 708 495 744 1.
527 708 567 745 2.
593 708 632 745 3.

234 773 269 824 §.
303 777 369 812 12.
427 770 585 811 Altera.
634 769 768 811 EtIam
789 767 913 812 Amb.
944 776 977 812 1.
1007 780 1046 811 et
1070 771 1178 812 Flor.
1207 787 1229 813 a
1258 787 1317 826 pr.
1345 785 1401 812 m.
1432 769 1559 811 altem

119 839 216 895 lipa.
283 837 357 893 [Iu
387 854 433 878 ea
465 841 652 893 opinione
683 838 939 893 Spaldinqus
971 847 1051 891 est,
1096 848 1142 880 ut
1170 843 1284 880 malit
1313 855 1400 880 voc.
1431 839 1560 879 altera

121 910 277 959 abesse,
332 906 442 961 quod
478 922 561 946 non
594 907 761 956 habeat,
794 911 888 962 'quo
927 909 1132 947 referatur.
1197 906 1258 948 At
1289 922 1361 961 ego
1395 906 1561 947 alterum

120 976 199 1015 hoc
228 989 351 1028 genus
388 975 539 1014 dictum
569 984 692 1028 puto,
736 977 828 1028 qula
857 976 1032 1027 primum
1058 977 1178 1016 fuerit
1200 978 1479 1029 probationum
1508 989 1561 1015 ex

122 1045 326 1083 aflectibus
350 1040 593 1093 ductarum]
701 1043 775 1097 (ἴθ’.
796 1066 852 1073 --
872 1041 972 1094 Ego.
1022 1042 1150 1084 Amb.
1175 1049 1213 1084 1.
1240 1043 1348 1083 Flor.
1381 1057 1403 1081 a
1422 1058 1480 1095 pr.
1502 1057 1560 1082 m.

120 1127 280 1166 quoque
299 1114 491 1151 omittunt
517 1110 630 1165 prob.
658 1121 728 1151 est.
774 1108 878 1150 Bad.
906 1108 1057 1150 Cel-vic.
1080 1109 1211 1152 Coliu.
1239 1109 1339 1152 Obr.
1360 1125 1562 1150 assevera-

122 1182 225 1218 arione
240 1188 315 1220 eto.
401 1178 600 1231 indignum
620 1186 654 1216 et
671 1180 760 1217 sim.
804 1174 926 1217 Amb.
943 1182 978 1217 1.
991 1183 1030 1218 2.
1064 1177 1198 1219 Guelf.
1216 1183 1405 1219 omittunt
1426 1189 1473 1218 et.

121 1263 222 1301 qnae
256 1263 344 1286 nom
400 1245 529 1287 Amb.
562 1251 595 1285 1.
623 1261 742 1301 aeque
769 1261 856 1285 non.
914 1244 1052 1285 Turio.
1079 1245 1185 1286 Flor.
1216 1261 1238 1285 a
1270 1261 1329 1299 pr.
1360 1263 1414 1287 m.
1447 1257 1562 1301 atquc

121 1331 219 1363 non,
260 1329 282 1353 a
312 1329 390 1354 sec.
423 1328 479 1354 m,
509 1316 627 1353 inser.
650 1329 759 1368 quae.
847 1312 998 1368 quidem
1018 1312 1158 1353 deesse.
1211 1310 1345 1354 Guelf.
1369 1313 1488 1354 Goth.
1519 1313 1561 1354 ἅ.
1587 1359 1590 1362 Δ

121 1399 163 1437 q.
259 1381 333 1421 hoc
357 1385 412 1420 in.
464 1380 573 1422 Jens.
606 1380 726 1422 Tarv.
745 1382 784 1419 in
806 1378 891 1419 7100.
990 1396 1076 1419 cum
1098 1381 1171 1420 hoc
1187 1406 1247 1413 -——
1266 1384 1406 1435 possit.
1450 1382 1561 1421 Haeo

122 1449 263 1502 Camp.
292 1452 348 1488 sic
380 1448 568 1489 exhibet:
608 1464 697 1487 cum
730 1446 826 1487 haec
855 1446 905 1486 ab
933 1457 1095 1504 utraque
1120 1459 1236 1503 parte
1250 1449 1351 1503 fieri
1370 1451 1410 1488 in
1429 1448 1563 1488 cadem

122 1533 244 1558 causa
263 1514 441 1555 similiter
457 1517 621 1569 possint.

229 1585 265 1636 §.
291 1589 358 1623 13.
415 1599 501 1622 sua.
541 1580 763 1623 Guelfisui.
851 1584 1044 1636 cujusque.
1080 1581 1210 1624 Amb.
1233 1588 1269 1624 1.
1293 1582 1428 1624 Turio.
1451 1583 1559 1626 Flor.

116 1650 234 1696 Alm.
258 1649 397 1704 Camp.
419 1649 555 1691 Guelf.
579 1648 702 1689 Bern.
724 1648 844 1688 Voss.
875 1655 912 1689 1.
934 1655 972 1690 3.
998 1651 1144 1704 cuique.
1229 1650 1385 1691 habent.
1431 1651 1559 1692 Amb.

125 1725 162 1759 1.
194 1719 356 1769 habeat,
407 1732 430 1756 a
455 1733 533 1757 sec.
563 1731 618 1757 m.
647 1731 741 1755 cum
768 1715 873 1755 Flor.
904 1719 1025 1756 etiam
1053 1717 1233 1758 habeant.
1346 1718 1563 1760 admiserit.

126 1785 260 1827 Guelf.
281 1785 484 1824 dimiserit.
519 1783 660 1838 Camp.
681 1781 910 1823 admiserat.
991 1794 1125 1837 patres
1143 1784 1236 1826 adv.
1274 1782 1409 1826 Guelf.
1431 1785 1560 1827 Δῃὼ.

123 1859 163 1895 2.
186 1855 324 1891 inserr.
347 1862 396 1891 et.

237 1920 275 1970 §.
307 1919 373 1959 14.
431 1920 712 1973 potentissima.
763 1916 900 1958 TurIc.
918 1921 1244 1973 potentissimum,
1275 1934 1298 1960 a
1317 1936 1394 1962 sec.
1415 1936 1471 1963 m.
1488 1939 1565 1977 po-

125 1989 323 2027 tissimum.
372 1984 495 2026 Goth.
523 1985 660 2039 Camp.
690 1989 908 2040 potissima.
1020 1990 1207 2041 primone.
1259 1986 1397 2042 Camp.
1417 1992 1564 2044 primo.

209 2065 251 2094 ut
268 2070 404 2108 occup.
458 2053 596 2107 Camp.
629 2064 664 2092 et
695 2070 778 2094 occ.
893 2052 994 2094 inde.
1041 2053 1146 2094 Jens.
1176 2063 1214 2094 et
1237 2056 1327 2096 edd.
1349 2062 1440 2096 ante
1460 2056 1562 2098 Ald.

126 2122 239 2162 idem.
324 2121 534 2160 dimittant.
576 2119 714 2175 Camp.
736 2120 995 2162 dimittantur.
1081 2132 1122 2160 ut
1146 2122 1233 2161 inde
1249 2148 1306 2155 --
1326 2141 1562 2179 summoque.

125 2190 236 2230 Haec
259 2192 406 2229 omittit
422 2187 549 2229 Amb.
578 2193 614 2228 1.
725 2199 766 2228 ut
787 2188 910 2228 Hom.
960 2188 1084 2230 Amb.
1108 2195 1145 2230 1.
1171 2191 1274 2245 quod
1304 2189 1447 2247 (super
1463 2196 1563 2232 litu-

127 2257 235 2310 ram)
271 2256 392 2296 Hom.
450 2254 558 2296 Flor.
600 2271 622 2295 a
650 2272 708 2309 pr.
743 2272 799 2297 m.
841 2260 961 2296 etiam
990 2257 1196 2312 quodquod
1221 2258 1345 2299 Hom.
1467 2263 1562 2301 sint.

129 2323 266 2377 Camp.
276 2323 379 2380 fuit.
465 2341 518 2364 αη
539 2340 565 2364 α
580 2325 764 2364 minimis.
802 2322 927 2365 Amb.
953 2329 989 2364 1.
1013 2325 1053 2379 (a
1074 2341 1132 2378 pr.
1153 2324 1227 2379 m.)
1247 2332 1285 2366 2.
1308 2325 1428 2366 Bern.
1438 2326 1561 2368 Voss.

131 2398 169 2433 1.
203 2402 270 2431 aut
299 2395 454 2432 αηίνηίε.
510 2391 634 2431 Amb.
664 2397 699 2432 1.
732 2407 755 2431 a
785 2407 863 2432 sec.
891 2407 945 2432 m.
979 2391 1113 2432 Turio.
1143 2392 1245 2433 Flor.
1273 2392 1388 2434 Alm.
1420 2394 1561 2448 Camp-

130 2459 260 2500 Guelf.
298 2458 421 2499 Basil.
458 2474 582 2512 marg.
620 2458 729 2499 Jens.
770 2468 811 2500 et
851 2460 938 2499 edd.
974 2469 1064 2499 ante
1092 2459 1192 2500 Ald.
1229 2472 1297 2500 aut
1321 2479 1347 2501 a
1376 2464 1560 2502 minimis.

127 2527 246 2568 Voss.
268 2533 307 2568 2.
334 2538 399 2566 aut
419 2530 580 2566 caussis.
629 2525 746 2566 Voss.
770 2532 808 2567 3.
829 2538 871 2566 ut
890 2530 1044 2567 animis.
1102 2527 1352 2582 [Spaldingii
1372 2531 1560 2569 cori-ectio

128 2613 178 2635 an
197 2605 238 2634 ut
257 2596 438 2634 nondum
463 2595 565 2633 mihi
593 2597 727 2634 locum
754 2610 908 2635 sanasse
927 2596 1104 2636 videtur:
1142 2599 1298 2648 gravius
1317 2600 1463 2637 vulnus
1487 2606 1559 2649 est,

127 2678 261 2718 neque
281 2678 397 2702 causa
418 2665 546 2701 omitti
568 2663 705 2702 debuit
725 2678 802 2717 qua
824 2666 1105 2703 vetustissimus
1125 2673 1242 2717 poeta
1262 2665 1561 2719 dispositionem

130 2734 331 2785 copiarum
366 2731 684 2772 commendavit:
747 2728 858 2787 ὄφρα
893 2731 959 2773 καὶ
988 2729 1062 2773 οὐκ
1089 2730 1246 2773 ἐθέλων
1270 2747 1332 2781 τις
1363 2730 1561 2788 ἀναγκαίῃ
