1775 3091
376 234 428 274 ad
460 232 621 287 Quintil.
651 231 779 272 Instit.
814 229 867 282 V,
908 236 972 272 10.
1006 232 1043 284 §.
1075 235 1278 274 72—-81,
1458 239 1549 277 265‘

112 358 293 403 quantur.
382 345 465 401 [Iu
509 349 740 401 praegressis
777 346 967 386 excidisse
1010 361 1148 386 censeo
1186 349 1352 387 verbum
1386 358 1540 402 putare,

111 418 181 456 sed
220 431 294 456 nec
334 417 508 470 quamvis
547 415 635 454 (lent
673 429 812 454 verum
849 414 1018 454 videtur.
1079 413 1161 454 Sed
1188 419 1352 455 omnino
1380 418 1425 455 in
1459 426 1543 458 toto

112 485 191 523 hoc
221 487 322 523 libro
357 492 416 522 tot
444 483 589 522 menda
620 485 847 521 etiamnunc
876 490 990 532 sunt,
1034 491 1100 532 ut,
1141 485 1218 522 nisi
1245 487 1333 539 quis
1362 487 1544 525 meliores

112 554 232 591 libros
261 561 399 591 nactus
432 553 574 601 fuerit,
622 550 918 589 connnentandi
948 551 1058 589 labor
1088 553 1228 591 frustra
1262 552 1544 605 suscipiatur]

113 618 271 672 quidam
301 619 411 658 duas.
470 615 593 657 Amb.
624 625 662 657 1.
696 615 830 656 Guelf.
872 616 968 656 (luas
998 617 1163 672 quidem.
1219 619 1326 660 Flor.
1357 618 1481 660 Amb.
1502 626 1545 662 2.

112 685 212 724 duas
239 685 408 740 quidam.
460 683 600 738 Camp.
632 682 901 738 ‹luas-species
930 686 1085 740 quidam
1095 717 1107 735 ,
1147 690 1288 728 omisso
1312 691 1547 745 insequente

112 768 205 792 esse.
291 769 384 807 quos
412 752 519 792 educ.
564 751 703 806 Camp.
736 768 809 807 quo
838 751 965 794 seduc.
1051 757 1191 795 invitos
1217 781 1274 787 —
1302 773 1381 797 eos.
1435 757 1546 798 Haec

113 823 249 859 omnia
271 823 419 860 omittit
443 818 570 859 Amb,
592 825 631 860 1.
713 819 805 859 Kal.
835 820 923 861 Jan.
953 821 1059 862 Flor.
1090 838 1250 878 quoque
1271 834 1440 880 utroque
1458 827 1547 865 loco

113 887 235 927 habet
263 903 351 928 κιαν
381 903 506 927 ακιαν.
602 898 799 929 nascatur.
852 888 989 930 Turio.
1022 888 1129 931 Flor.
1162 906 1184 930 a
1211 907 1272 946 pr.
1298 907 1353 933 111.
1383 909 1550 933 nascun-

113 965 192 996 tur.
306 972 452 1010 quoque
490 954 619 994 edicti.
674 953 813 1009 Camp.
844 973 874 995 e.
904 974 940 1011 q.

229 1033 264 1085 §.
293 1038 363 1074 77.
420 1035 518 1073 enim
555 1043 623 1072 est.
675 1031 799 1074 Goth.
840 1033 949 1075 Jens.
990 1043 1029 1076 et
1068 1036 1159 1076 edd.
1199 1046 1291 1077 ante
1330 1037 1456 1079 Stoer.
1495 1048 1552 1078 est

116 1102 227 1140 enim.
338 1104 546 1156 potuerint.
606 1099 745 1155 Camp.
781 1112 996 1156 potuerunt.
1117 1107 1287 1146 retineri.
1345 1103 1467 1148 Amb.
1511 1111 1549 1149 1.

115 1167 253 1208 Turic.
283 1183 305 1207 a
336 1183 396 1221 pr.
427 1183 483 1208 m.
516 1170 688 1208 retinere.

227 1248 264 1299 §.
298 1252 366 1288 78.
425 1246 504 1286 Illa
523 1263 683 1301 quoque.
736 1244 872 1288 TurIc.
897 1246 1029 1300 Flor.,
1060 1257 1226 1304 uterque
1255 1266 1278 1291 a
1300 1267 1361 1306 pr.
1381 1268 1435 1294 m.
1456 1252 1556 1293 illuct

115 1331 278 1369 quoquc.
358 1317 576 1370 confirmat.
619 1313 758 1368 Camp.
781 1332 849 1354 con
877 1332 975 1356 orm.
1061 1316 1264 1359 ducuntur.
1303 1320 1413 1361 Jens.
1434 1320 1554 1364 Tarv.

115 1382 217 1423 Ald.
248 1382 445 1422 ducentur.
542 1398 640 1436 quae
666 1384 834 1436 proprii.
885 1381 1009 1424 Ajnb.
1034 1388 1070 1424 1.
1105 1384 1213 1425 Flor.
1242 1390 1363 1426 etiam
1393 1391 1487 1443 quia
1510 1407 1555 1444 p.

197 1450 322 1489 videri
358 1449 528 1504 quidam.
575 1448 685 1489 Jens.
730 1458 768 1488 et
800 1450 889 1489 edd.
922 1460 1012 1489 ante
1043 1450 1172 1492 Stoer.
1203 1454 1360 1508 quidam
1388 1454 1469 1497 vicl.

115 1515 284 1570 ἄλληλα.
329 1516 453 1557 Amb.
476 1523 513 1557 1.
543 1512 614 1578 Δ
623 1515 713 1578 M
711 1514 792 1576 N
789 1515 853 1579 ὸ
864 1515 1012 1578 QG
1117 1519 1295 1576 fortiter.
1341 1521 1409 1563 Sic
1437 1527 1559 1564 etiam

114 1584 294 1627 Amb.1.
357 1588 568 1640 junxerim.
597 1586 704 1627 Jens.
730 1596 768 1626 et
791 1588 880 1627 edd.
893 1596 984 1626 aute
996 1585 1096 1628 Alci.
1113 1591 1304 1640 junxerit.
1371 1590 1556 1634 Rhodiis..

115 1651 254 1694 Turio.
285 1669 307 1692 a
338 1670 397 1708 pr.
428 1669 483 1695 m.
516 1653 641 1694 Amb.
673 1660 713 1695 2.
746 1653 892 1694 rhodis.
977 1653 1052 1695 loc.
1084 1655 1280 1695 honestum
1310 1668 1378 1700 est.
1428 1658 1558 1701 Amb.

119 1725 157 1760 1.
195 1721 303 1761 Flor.
332 1737 489 1776 quoque
521 1721 547 1761 l.
579 1721 748 1760 homines
777 1721 816 1760 h.
848 1737 879 1760 e.
980 1721 1296 1764 Hermocreonti.
1340 1725 1407 1765 Sic
1437 1730 1559 1766 etiam

116 1788 226 1829 Flor.
256 1788 380 1828 Aan.
410 1795 450 1829 2.
479 1788 570 1828 Par.
605 1793 643 1827 1.
679 1794 717 1829 2.
750 1791 787 1827 3.
845 1787 906 1828 At
933 1786 1058 1828 Amb.
1085 1793 1123 1829 1.
1154 1790 1473 1844 hermagoreonti.

119 1856 281 1895 discere.
346 1854 481 1896 Guelf.
526 1853 647 1895 Goth.
685 1854 825 1894 elicere.
941 1854 1161 1907 honestum,
1216 1868 1265 1898 et.
1324 1857 1463 1914 Camp.
1493 1863 1561 1901 iu..

119 1939 189 1964 ser.
225 1934 293 1964 cst.

236 2003 271 2054 ᾗ.
301 2006 370 2042 79.
443 2001 619 2040 Domitii.
676 1999 801 2040 Ajnb.
835 2006 876 2042 2.
915 1999 1066 2043 domiti.
1174 2002 1381 2057 pulchra„
1416 2004 1557 2063 Camp.

119 2067 275 2124 pulcra.
363 2067 591 2108 damnastis.
641 2065 773 2109 Guelf.
796 2068 1008 2110 clamastis.
1093 2086 1197 2111 cons.
1217 2082 1251 2110 et
1276 2072 1389 2126 quod.
1422 2073 1559 2119 Guelf,

124 2134 247 2176 Goth.
278 2138 404 2176 omitt.
436 2145 485 2175 ct.
570 2150 625 2174 εει·
654 2135 733 2176 div.
788 2135 917 2177 Guelf.
948 2153 1023 2179 om.
1055 2152 1123 2178 ex.
1208 2141 1414 2196 signfficet.
1455 2142 1559 2186 ffld,

124 2212 164 2243 et
193 2204 283 2244 edd.
316 2212 406 2242 aute
435 2201 562 2242 Stoer.
593 2205 804 2258 significat.

237 2285 271 2333 ξ.
301 2286 367 2322 80.
426 2298 502 2335 qua
531 2280 620 2321 coll.
669 2281 805 2323 Tul-ic.
825 2282 939 2324 AJm.
962 2287 1055 2339 quia
1076 2284 1166 2326 coll.
1253 2290 1393 2328 exiis.
1434 2287 1561 2331 Amb.

128 2353 168 2389 1.
198 2347 334 2388 Turio.
366 2347 505 2402 Camp.
536 2347 669 2390 Guelf.
699 2348 820 2391 Goth.
851 2350 976 2392 Amb.
1003 2359 1067 2404 2.‚
1122 2362 1161 2393 et
1196 2355 1286 2397 edd.
1319 2370 1342 2395 a
1372 2355 1481 2398 Jens.
1511 2358 1564 2397 ad

125 2415 236 2456 Ven.
278 2430 372 2454 cum
408 2415 519 2456 Sich.
562 2432 615 2456 cx
657 2417 729 2456 his.
831 2421 954 2474 flunt.
1010 2420 1118 2461 Jens.
1159 2431 1197 2461 et
1223 2423 1314 2463 edd.
1347 2433 1438 2464 ante
1466 2425 1562 2465 Ald.

127 2493 228 2522 sunt.
315 2482 382 2520 ibi.
434 2481 571 2523 Turio.
598 2499 620 2522 a
637 2500 692 2537 pr.
711 2500 763 2523 m.
793 2487 872 2528 ubi.
957 2505 1036 2527 esse
1065 2505 1215 2544 corpus.
1271 2489 1392 2532 Goth.
1414 2501 1453 2532 et
1472 2493 1561 2533 edd.

129 2565 154 2590 a
180 2549 288 2591 Jens.
319 2550 369 2588 ad
401 2547 532 2590 Colin.
563 2566 674 2590 meae
705 2554 885 2594 ordinem
912 2565 1081 2596 mutant.

242 2639 279 2690 ξ.
314 2642 382 2679 81.
441 2641 629 2694 utrinque.
675 2640 799 2682 Amb.
831 2648 870 2684 1.
911 2643 1047 2684 Turic.
1078 2644 1212 2697 Flor.,
1265 2655 1431 2702 uterque
1458 2662 1482 2687 a
1508 2665 1564 2704 pr.

131 2719 184 2745 m.
212 2701 322 2746 Alm.
353 2715 564 2762 utrumque.
680 2708 839 2750 colorat.
958 2712 1065 2752 Flor.
1098 2727 1121 2752 a
1154 2729 1214 2767 pr.
1239 2728 1293 2755 m.
1326 2713 1482 2756 colorat.
