1775 3091
361 198 415 239 ad
447 197 610 253 Quintil.
645 196 772 238 Instit.
810 195 889 248 VJ,
920 196 960 237 4.
1005 196 1270 246 §.10-19,
1457 198 1538 247 ,349

97 326 189 357 rum.
245 314 370 356 Amb.
394 320 433 356 1.
464 324 531 354 aut
561 324 715 354 rentum.
831 310 910 350 rum
935 309 1033 368 fac.
1066 326 1163 353 cum.
1224 308 1335 351 Sich.
1367 310 1457 367 ιβ
1485 323 1540 354 cst

96 399 130 422 c.
247 399 331 423 cum
363 393 431 422 cst.
491 381 615 422 Amb.
640 386 676 421 1.
707 379 816 421 Flor.
849 396 880 420 c.
907 395 940 418 c.
1059 395 1156 433 resp.
1187 395 1275 419 non.
1336 377 1477 434 Camp.
1500 397 1538 420 η.

98 468 130 491 r.
244 462 435 506 potuerat.
492 448 600 491 Flor.
630 448 721 488 Par.
748 452 784 487 1.
804 453 847 488 2.
882 449 1002 486 etiam
1028 450 1213 502 potuerit.

208 554 243 605 ᾗ.
277 556 342 593 15.
389 551 497 609 fire.
556 549 678 591 Amb.
714 554 751 588 1.
783 546 892 589 Flor.
922 546 1013 589 Par.
1038 554 1075 589 1.
1097 555 1137 589 2.
1170 557 1209 589 et
1237 551 1312 603 ipsi
1328 547 1458 608 facti.

94 618 271 660 molesta.
327 618 435 660 Flor.
464 618 658 658 molestia.
771 633 962 671 pugnare.
1021 615 1131 657 Flor.
1163 620 1284 657 etiam
1310 634 1470 672 pugna„

94 690 137 725 ιή
166 690 235 728 iis.
306 685 443 729 Guelf.
473 685 596 728 Goth.
631 685 771 740 Camp.
805 694 844 724 et
872 685 963 724 edd.
1002 694 1094 724 ante
1133 683 1257 735 Ald.,
1308 701 1401 725 cum
1428 684 1542 727 Sich.

93 758 137 793 in
163 754 240 796 his-

209 834 382 888 [Factus
412 850 457 874 ea
484 836 798 888 significatione,
830 840 876 872 ut
903 834 954 871 sit
980 833 1123 871 natura
1155 841 1430 885 comparatus,
1459 848 1542 872 non

94 903 215 943 modo
240 918 263 942 a
291 901 511 943 Latinitate
540 918 624 942 non
654 901 889 951 abhorrere,
926 901 995 940 sed
1023 915 1076 939 ne
1105 915 1241 939 rarum
1263 901 1428 955 quidem
1449 916 1546 949 esse,

95 974 179 1025 ipse
218 971 474 1024 Spaldingius
513 980 649 1024 postea
687 971 901 1009 intellexit.
968 967 1197 1022 Adscripsit-
1242 969 1295 1006 ad
1341 971 1547 1021 exemplar

95 1055 214 1079 suum
241 1042 347 1079 locos
377 1038 507 1079 Tacit.
537 1036 649 1079 Ann.
680 1035 802 1087 XIV,
836 1042 887 1078 56
920 1036 1112 1093 factus
1151 1046 1187 1075 et
1214 1047 1357 1075 natura
1387 1047 1422 1075 et
1453 1053 1548 1076 cou-

96 1107 297 1146 suetudine
326 1110 550 1158 exercitus,
600 1116 639 1146 et
670 1104 753 1146 Cic.
782 1109 826 1144 in
852 1105 971 1145 Verr.
1016 1108 1087 1146 lib.
1119 1105 1145 1144 4
1184 1121 1224 1158 p.
1255 1102 1403 1144 Lamb.
1438 1109 1547 1146 1290

94 1179 183 1216 init.
218 1172 301 1230 (est
322 1190 407 1228 cap.
428 1174 508 1229 57)
540 1179 609 1230 qui
627 1179 687 1214 ita
709 1185 843 1221 uatus,
875 1177 934 1212 ita
953 1172 1138 1212 educatus
1162 1184 1240 1224 est,
1282 1175 1341 1210 ila
1355 1172 1547 1229 sactus

95 1253 131 1282 et
171 1246 301 1282 auimo
341 1253 376 1281 ct
416 1260 578 1298 corpore
615 1252 711 1296 cet.¹
748 1241 870 1282 Adde
909 1240 992 1282 Cio.
1022 1240 1137 1282 Brut.
1178 1258 1213 1281 c.
1246 1245 1298 1281 So
1337 1244 1420 1279 sive
1445 1240 1549 1294 quod

95 1322 239 1351 natura
267 1328 342 1350 non
370 1315 431 1350 ita
463 1322 558 1350 esset
583 1311 802 1367 factus,
851 1313 936 1347 sive
974 1310 1079 1364 quocl
1117 1326 1190 1349 ηοη
1223 1320 1440 1349 consuesset
1469 1320 1543 1350 cet.

93 1378 252 1419 Verum
282 1379 332 1418 ad
362 1380 472 1419 hunc
502 1383 637 1419 locum
665 1378 764 1416 haec
802 1380 1038 1430 significatio
1072 1392 1161 1416 eam
1191 1380 1240 1416 ob
1273 1393 1434 1417 causam
1461 1394 1546 1418 nou

94 1450 290 1500 pertinet,
343 1449 452 1501 quod
491 1449 539 1486 de
579 1447 758 1486 doctrina
786 1444 1027 1495 homiuum,
1075 1460 1159 1484 non
1191 1445 1240 1483 de
1269 1454 1414 1485 natura
1443 1447 1546 1486 clici-

93 1524 171 1555 tur.
232 1513 346 1566 Quin
375 1516 566 1554 mendose
601 1517 794 1565 scriptum
836 1515 887 1551 sit
925 1522 1075 1552 veteres
1118 1514 1286 1553 editores
1318 1523 1425 1554 recte
1456 1519 1546 1568 opi-

93 1598 168 1622 nor
197 1598 281 1623 nou
312 1584 576 1632 dubitavisse,
630 1582 700 1620 sed
731 1595 824 1620 vero
855 1582 1018 1620 fortasse
1047 1585 1210 1636 propius
1239 1584 1361 1622 fuerit
1386 1582 1546 1638 facilen]

206 1674 243 1725 §.
279 1678 345 1712 16.
404 1675 500 1711 sive.
559 1670 668 1710 Flor.
701 1672 820 1708 etiam
850 1673 889 1707 si
918 1668 991 1708 vel.
1110 1673 1261 1708 ceteris.
1302 1668 1437 1712 Guelf.
1460 1689 1547 1712 ccr-

94 1743 161 1780 tis.
275 1756 386 1794 poen.
407 1742 482 1778 irr.
501 1754 578 1777 ver.
638 1737 705 1777 Sic
737 1739 858 1775 etiam
889 1734 1016 1776 Aan.
1042 1741 1080 1776 1.
1107 1734 1217 1777 Flor.
1334 1738 1547 1793 deprehen-

94 1825 193 1848 sam.
251 1806 390 1847 Turio.
423 1822 444 1845 a
467 1822 527 1859 pr.
548 1820 604 1845 m.
633 1803 740 1844 Flor.
770 1803 1003 1858 depressam.

206 1897 243 1948 §.
278 1902 344 1937 17.
401 1895 532 1935 multi.
595 1893 718 1935 Goth.
759 1893 902 1947 Camp.
932 1892 1107 1934 multum.
1223 1912 1276 1934 re.
1326 1894 1394 1936 Sic
1424 1899 1545 1938 etiam

93 1963 218 2004 Amb.
245 1969 281 2004 1.
337 1981 427 2002 rem.
467 1963 578 2003 Sich.
649 1961 807 2016 [Spald.
828 1971 916 2015 post
935 1963 1087 2001 editum
1108 1964 1257 2001 librum
1276 1973 1382 2003 recte
1403 1980 1545 2005 emen-

96 2033 202 2072 davit
221 2031 334 2071 multi
355 2049 413 2070 res
434 2030 589 2071 consilii
609 2041 721 2085 atquc
745 2033 843 2069 artis
862 2041 931 2070 est.
991 2028 1059 2070 Sic
1079 2033 1201 2070 etiam
1222 2046 1303 2070 esse
1326 2032 1436 2082 §.11
1467 2050 1545 2073 non

95 2111 148 2138 cs!
172 2117 230 2139 res
250 2102 375 2140 animi
392 2096 608 2154 jacentis]
698 2100 984 2139 auctoritatem.
1035 2096 1169 2138 Turic.
1199 2113 1223 2138 a
1250 2114 1311 2152 pr.
1342 2115 1398 2141 m.
1431 2111 1545 2141 acto-

96 2171 262 2208 ritatem.

203 2260 238 2310 ξ.
271 2263 335 2298 18.
396 2257 565 2313 aliquid.
624 2256 762 2298 Turio.
793 2255 963 2312 aliquod.
1051 2257 1189 2310 majus,
1236 2256 1346 2298 Flor.
1381 2273 1543 2314 quoque

92 2328 218 2379 majus
241 2329 379 2378 majus.
497 2336 673 2379 cogam-f.
733 2323 873 2378 Camp.
907 2327 1073 2378 cogitur.
1189 2327 1254 2365 sit.
1312 2323 1542 2381 Camp.fit.

178 2393 378 2433 electurus.
425 2392 562 2435 Guelf.
592 2393 795 2432 electurus.
887 2394 953 2446 fit.
1003 2390 1127 2432 Goth.
1157 2395 1222 2433 sit.
1323 2393 1433 2433 nobis
1453 2395 1540 2449 ipsi.

93 2460 231 2514 Cfflnp.
263 2463 289 2500 i.
324 2478 360 2501 n.
421 2460 543 2502 Goth.
574 2461 691 2502 Voss.
715 2467 754 2502 2.
786 2463 977 2500 omittunt
1004 2462 1093 2514 ipsi.

205 2552 241 2601 §.
279 2556 342 2591 19.
403 2562 436 2590 et
456 2552 575 2592 vultu.
616 2551 684 2592 Sic
706 2554 825 2590 etiam
846 2548 970 2591 Amb.
995 2556 1029 2590 1.
1117 2552 1209 2603 ejus.
1250 2548 1358 2590 Flor.
1385 2553 1454 2590 eis.

93 2619 141 2658 αἶ)
162 2621 224 2659 iis.
274 2618 413 2673 Camp.
437 2629 475 2659 et
495 2621 584 2659 edd,
608 2610 699 2659 ante
718 2619 818 2659 Ald.
849 2635 940 2659 cum
962 2617 1074 2658 Sich.
1097 2618 1145 2656 αῖ)
1165 2617 1240 2656 his.
1337 2617 1537 2671 adjuvant.

94 2685 218 2727 Amb.
242 2693 278 2727 1.
310 2686 418 2727 Flor.
450 2690 569 2727 etiam
595 2687 786 2740 adjuvent.
898 2687 1034 2743 pedem
1062 2695 1225 2739 oportet.
1276 2684 1384 2727 Flor.
1415 2689 1562 2726 etiam-
