1775 3091
213 259 291 303 324
642 253 915 309 Supplementa
959 251 1222 293 annotationis

324 370 364 424 ξ.
395 373 463 410 26.
521 365 741 408 movendos.
788 362 926 405 Turio.
959 379 982 404 a
1001 380 1061 418 pr.
1084 379 1139 404 m.
1171 363 1389 405 movendus.
1499 380 1655 405 movea-

215 456 316 480 mur.
361 436 484 478 Goth.
514 437 753 473 moveantur.
870 449 960 472 nam
983 443 1019 471 et
1047 431 1184 473 luctus.
1241 431 1380 486 Camp.
1412 447 1488 472 om.
1520 443 1569 473 et.

216 510 351 547 eiiam.
417 504 484 544 Sio
529 504 649 541 etiam
690 499 800 540 Flor.
926 500 1144 555 vultumque
1179 509 1341 540 tamum.
1407 499 1515 540 Flor.
1553 511 1580 540 1.
1619 515 1658 538 υ.

216 591 309 616 cum
341 572 479 623 Camp.
602 566 1032 607 accommodaverimus.
1087 566 1213 607 Amb.
1246 572 1282 607 1.
1311 582 1467 622 quoque
1502 583 1660 607 accom-

218 642 471 682 modarimus.
566 634 676 674 aliud
700 646 766 674 cst.
814 634 953 688 Camp.
986 646 1040 674 cst
1071 633 1124 675 αἶ.
1210 634 1472 675 disertissime.
1518 634 1658 674 Turio.

219 708 500 749 dissertissimo.
609 706 683 743 ira.
739 701 876 742 Turio.
909 701 1027 743 Goth.
1058 703 1166 743 Jens.
1199 702 1319 743 Tarv.
1349 704 1463 742 iroem.
1563 718 1661 741 non—

219 791 409 829 nunquam
438 771 615 812 indoctis.
672 768 740 810 Sic
770 774 888 810 etiam
913 769 1038 811 Amb.
1065 776 1102 810 1.
1134 770 1239 809 Flor.
1270 770 1360 810 Par.
1384 775 1423 809 1.
1442 775 1482 810 2.
1541 786 1577 808 n.
1598 771 1663 808 in-

219 844 354 884 doctus
396 845 495 881 item
531 838 652 879 Voss.
683 844 723 879 2.
841 837 997 895 faciat.
1056 837 1262 878 Omittunt
1300 836 1422 877 Goth.
1460 835 1581 877 Voss.
1618 841 1660 877 2.

301 927 421 965 quam
450 905 563 962 quod.
621 906 728 946 Flor.
760 920 783 945 a
810 921 870 958 pr.
899 921 954 945 111.
987 922 1226 960 quamquam.

332 980 367 1030 ᾗ.
400 980 469 1017 27.
537 978 579 1013 in
616 976 678 1014 iis.
747 972 885 1013 Turio.
928 971 1063 1013 Guelf.
1106 972 1217 1014 Sich.
1258 974 1300 1012 in
1341 971 1415 1012 his.
1548 987 1659 1025 quae.

217 1046 326 1087 Flor.
371 1043 511 1097 Camp.
557 1058 715 1097 quoquc.
836 1044 1012 1081 verisim.
1050 1058 1140 1082 csse.
1201 1039 1339 1080 Turio.
1376 1038 1483 1079 Flor.
1522 1037 1660 1091 Camp-

219 1131 248 1153 e.
277 1129 315 1153 v.
429 1111 648 1166 affictibzts.
708 1107 843 1150 Guelf.
875 1126 898 1164 ς’
931 1109 1086 1148 ectibus.
1199 1125 1224 1147 a
1251 1108 1335 1148 tali.
1392 1107 1529 1147 Turio.
1561 1122 1583 1145 a
1602 1122 1662 1159 pr.

220 1196 277 1222 m.
320 1178 374 1219 acl
410 1179 493 1218 tali„
606 1194 665 1217 me
697 1180 762 1232 qui
800 1179 840 1216 in
876 1177 950 1216 hoc
990 1176 1067 1216 dic.
1125 1175 1193 1216 Sic
1222 1179 1343 1215 etiam
1371 1174 1504 1226 Flor.,
1541 1174 1611 1214 sed
1639 1189 1663 1213 a

218 1265 297 1290 sec.
320 1262 374 1287 m.
394 1261 486 1286 cum
506 1244 597 1286 Par.
619 1250 656 1286 1.
683 1250 719 1285 2.
738 1262 790 1283 m.
814 1260 899 1284 cum
922 1244 959 1284 ἢ.
984 1244 1020 1282 cl.
1063 1242 1188 1284 Amb.
1215 1249 1251 1284 1.
1273 1261 1332 1282 mc
1351 1244 1423 1282 hoc
1445 1243 1521 1282 dic.
1605 1258 1660 1282 sc.

220 1316 289 1357 Sic
319 1317 439 1353 etiam
468 1312 593 1353 Ajnb.
617 1318 654 1352 1.
687 1311 781 1367 (sed
810 1315 918 1365 prius
950 1311 1192 1366 concitasse)
1223 1311 1330 1352 Flor.
1358 1311 1448 1351 Par.
1470 1315 1505 1349 1.
1597 1309 1664 1348 id-

219 1400 302 1438 que.
371 1380 498 1423 Amb.
533 1385 570 1419 1.
609 1379 651 1418 id
690 1379 801 1434 quod.
868 1379 973 1419 Flor.
1016 1379 1058 1418 id
1099 1382 1206 1433 quia.
1331 1381 1473 1432 agenti.
1527 1377 1664 1417 EtIam

219 1450 346 1491 Amb.
385 1455 421 1488 1.
461 1447 570 1487 Flor.
613 1449 777 1498 agenti&
843 1446 951 1487 Flor.
996 1462 1019 1486 a
1057 1463 1134 1487 sec.
1177 1461 1232 1487 m.
1271 1449 1425 1486 aientis.
1540 1444 1662 1487 (labit.

219 1516 358 1569 Calnp.
388 1514 513 1555 dabis.
622 1515 807 1567 padiciur.
869 1511 991 1553 Goth.
1017 1516 1208 1567 patiatur.

335 1586 370 1636 ξ.
402 1587 471 1623 28.
530 1583 618 1620 nisi.
679 1579 820 1634 Camp.
850 1582 943 1620 sine.
1054 1578 1147 1619 ulla.
1205 1578 1346 1633 Camp.
1386 1578 1471 1619 illa.
1587 1595 1663 1619 non

220 1653 322 1705 ipsa.
382 1648 449 1689 Sic
479 1651 600 1687 etiam
627 1648 734 1687 Flor.

333 1719 369 1770 §.
400 1721 470 1756 29.
530 1716 765 1771 qfficiamur.
808 1712 917 1753 Flor.
948 1714 1176 1769 efficiamur.
1289 1724 1464 1754 nostram
1490 1725 1664 1769 potcsta-

220 1795 308 1825 tem.
366 1782 434 1824 Sic
469 1785 592 1821 etiam
620 1781 711 1822 Par.
738 1786 775 1821 1.
886 1795 1052 1821 cernere.
1110 1780 1236 1821 Amb.
1270 1786 1309 1823 1.
1350 1785 1471 1821 etiam
1499 1798 1660 1822 censere.

222 1850 360 1904 Camp.
389 1866 493 1890 cern.
522 1848 624 1889 ocul.

333 1919 369 1969 §.
403 1922 470 1957 30.
530 1917 759 1971 conceperit.
818 1913 886 1956 Sic
932 1917 1053 1955 etiam
1093 1913 1271 1967 Cervic.3
1313 1914 1418 1955 Flor.
1448 1917 1546 1954 item
1575 1931 1666 1955 coe-

218 1987 334 2040 perit.
391 1983 519 2025 Amb.
550 1990 588 2025 1.
620 1986 776 2038 ceperit.
889 1982 1011 2022 Hunc
1051 1983 1224 2037 quidam.
1282 1981 1409 2023 Amb.
1441 1987 1477 2023 1.
1516 1985 1550 2022 is
1577 1985 1663 2037 qui-

221 2052 330 2100 dem,
383 2066 406 2090 a
435 2067 511 2092 sec.
546 2067 600 2091 ln.
632 2052 703 2090 has
732 2049 904 2105 quidam.
962 2050 1066 2090 Flor.
1096 2051 1168 2091 has
1195 2050 1357 2105 quidem.
1470 2049 1663 2107 εὖφανια-

221 2119 385 2160 σι’ωτον.
441 2117 567 2158 Amb.
591 2125 629 2159 1.
660 2130 990 2159 ειπαντισισοτον.
1095 2118 1165 2157 Αη
1194 2134 1297 2158 vero.
1348 2117 1472 2158 Amb.
1496 2124 1533 2159 1.
1555 2118 1662 2160 Flor.

221 2185 313 2226 Par.
345 2191 383 2226 1.
423 2188 544 2226 etiam
581 2185 680 2225 nihil
714 2201 819 2226 vcro.
941 2186 1025 2225 hae.
1085 2184 1222 2238 Camp.
1259 2201 1335 2225 cae.
1454 2186 1659 2241 quaedam.

221 2251 361 2293 Turio.
390 2268 413 2293 a
431 2270 490 2307 pr.
512 2269 565 2292 m.
597 2253 778 2308 quadam.
894 2251 1042 2307 loquor.
1065 2288 1069 2293 .
1100 2250 1170 2292 Ita>
1190 2256 1311 2292 etiam
1337 2251 1462 2294 Amb.
1488 2259 1524 2293 1.
1550 2253 1659 2294 Flor.

303 2332 599 2375 prosequuntur.
658 2320 794 2360 Turio.
822 2331 1090 2375 prosecuntur.
1215 2322 1414 2373 navigare.
1471 2320 1607 2362 Turio.
1636 2335 1660 2360 a

220 2403 280 2441 pr.
306 2403 363 2428 m.
395 2387 530 2429 Guelf.
563 2390 761 2441 navigari.

333 2459 369 2508 §.
401 2461 468 2497 31.
529 2467 636 2495 trans
662 2470 817 2494 eremus,
870 2454 979 2496 Jens.
1011 2464 1050 2495 et
1079 2455 1168 2495 edd.
1203 2463 1295 2494 ante
1323 2452 1419 2494 Ald.
1449 2454 1660 2512 traancri-

219 2539 317 2563 mus.
422 2523 496 2564 At.
545 2522 612 2563 Sic
642 2526 763 2562 etiam
791 2519 911 2563 Amb.
936 2528 972 2565 1.
1001 2523 1108 2564 Flor.
1138 2523 1228 2563 Par.
1253 2528 1289 2563 1.
1391 2539 1541 2576 queror.
1588 2522 1656 2562 Sic

221 2591 342 2628 etiam
369 2588 491 2630 Amb.
523 2596 560 2631 1.
599 2590 707 2630 Flor.
747 2590 836 2630 Par.
867 2595 904 2630 1.
1028 2590 1229 2631 accidisse.
1287 2588 1407 2631 Amb.
1434 2594 1470 2629 1.
1497 2589 1604 2628 Flor.
1633 2604 1655 2627 a

220 2669 279 2706 pr.
312 2671 368 2697 m.
406 2657 607 2698 occidisse.
720 2657 857 2697 oculis.
915 2655 1038 2699 Amb.
1081 2663 1118 2697 1.
1159 2657 1306 2698 oculos.
1363 2656 1496 2697 Turio.
1538 2672 1655 2695 occu-

222 2720 281 2761 lis.
402 2723 679 2768 exclamabit?
726 2723 789 2764 vel
825 2725 998 2778 rogabit.
1056 2722 1192 2764 Turio.
1222 2737 1244 2764 a
1271 2738 1332 2778 pr.
1359 2737 1416 2764 m.
1447 2721 1655 2764 exclama-
