1775 3091
413 254 466 293 ad
498 251 667 306 Quintil.
700 251 832 292 Instit.
865 251 909 305 1,
943 257 980 294 5.
1026 253 1060 305 §.
1093 259 1291 294 20--31.
1526 262 1578 298 35

127 379 289 421 auctor,
343 370 580 410 observabis.
641 369 847 408 Nimirum
885 382 979 408 cum
1003 367 1237 408 doctissimi
1267 369 1366 407 olim
1393 384 1575 423 pronun-

127 442 226 478 tiare
263 439 436 477 solerent
468 434 643 487 Hir-311⁸,
691 439 836 475 vitium
870 438 957 475 fieri
1005 437 1154 487 judicat
1189 433 1494 490 Quintilianus,
1543 443 1576 479 si

128 509 217 560 quis
253 504 404 544 Atreius
445 505 594 557 (tribus
623 502 813 558 syllabis)
855 504 982 555 dicat,
1032 507 1060 544 i.
1092 520 1128 544 e.
1167 505 1315 543 flexam
1354 521 1426 558 pro
1465 510 1577 559 gravi

126 575 382 627 pronuntiet,
433 587 477 612 ac
518 573 729 625 dupliciter
769 580 809 612 et
847 575 1117 612 contractione
1154 581 1194 612 et
1227 582 1394 613 accentu
1421 578 1578 628 peccari

127 645 176 680 ab
205 644 267 691 iis,
309 643 379 694 qui
409 628 531 679 ΝειϊΛί
571 641 723 679 duabus
764 642 926 694 syllabis
967 643 1208 695 loquantur,
1270 656 1364 680 cum
1406 643 1578 683 debeant

127 708 265 748 Ndrci.
336 706 461 758 Quod
511 709 559 747 de
609 711 721 762 apice
762 711 946 761 exposuit
997 707 1277 762 Spaldingius,
1335 724 1479 749 verum
1519 720 1577 751 est

125 779 212 816 sine
256 776 402 827 dubio,
456 790 547 814 eum
588 790 670 815 non
720 789 802 814 esse
854 778 1156 815 circumflexum
1187 777 1264 816 'sed
1303 779 1449 830 longae
1494 781 1579 833 syl-

126 846 240 883 labae
269 846 430 896 signum
462 841 601 897 (-—-)‚
649 843 719 881 sed
749 858 843 882 cmn
882 844 1068 895 adjecerit
1102 843 1380 895 Quintilianus
1409 848 1591 886 verbum¹

124 911 442 960 circumducere,
496 920 667 964 utroque
701 914 914 960 conjuncto
944 913 1052 951 idem
1082 907 1256 952 efficitur*
1280 928 1324 953 ac
1353 916 1387 953 si
1415 914 1581 954 dixisset

126 979 319 1034 syllabam
353 976 701 1033 circumflexam]
1312 974 1316 978 ”

242 1051 276 1099 §.
309 1048 377 1087 24.
438 1046 561 1084 Nervi
593 1047 782 1100 Tereique
810 1045 945 1086 Turio.
978 1051 1086 1089 Flor.
1119 1047 1244 1088 Amb.
1274 1055 1312 1090 1.
1348 1048 1490 1105 Camp.

241 1118 276 1166 §.
308 1118 376 1154 25.
436 1116 519 1152 scio
541 1116 624 1166 jam
657 1111 793 1152 Turio.
814 1112 921 1152 Flor.
951 1112 1092 1168 Camp.
1116 1114 1273 1169 Gryph.
1293 1116 1415 1157 Vasc.
1436 1117 1578 1174 Steph.

129 1181 231 1222 Obr.
264 1184 431 1220 virisim.
461 1179 590 1222 Amb.
619 1185 656 1220 1.
774 1195 859 1219 voc.
894 1181 1031 1234 quaed.
1062 1182 1190 1224 Amb.
1219 1188 1256 1223 1.

240 1253 276 1302 ξ.
309 1251 375 1289 26.
435 1247 608 1302 Itemque
639 1264 722 1286 cum
754 1247 869 1301 quale
898 1246 1037 1290 Turio.
1071 1249 1179 1290 Flor.
1209 1249 1337 1290 Amb.
1366 1257 1404 1293 1.
1440 1252 1580 1308 Camp.

126 1315 249 1358 ΒΘΗ).
281 1316 397 1356 Alm.
427 1314 560 1355 Andr.
620 1315 718 1353 Item
749 1332 835 1354 cum
865 1316 979 1370 quale
1008 1316 1156 1358 Baliol.
1189 1315 1324 1360 Guelf,

243 1389 279 1437 ξ.
311 1389 380 1425 28.
450 1394 595 1422 naim-cz
635 1383 760 1421 brevis
811 1385 901 1423 edd.
954 1394 1046 1425 ante
1086 1383 1207 1426 Gesn.
1251 1402 1413 1440 omnes,
1461 1392 1584 1429 etiam

134 1451 300 1505 Camp.,
349 1460 388 1490 et
432 1451 548 1490 codd.
599 1466 688 1489 mea
729 1453 893 1506 quidem
933 1456 1131 1493 sementia
1171 1452 1275 1508 (nisi
1317 1458 1417 1496 forte
1461 1455 1582 1498 Goth.

133 1518 267 1560 Guelf.
302 1519 358 1558 br.
391 1528 470 1556 nat.
504 1519 624 1569 dant,
665 1519 713 1557 de
745 1535 918 1574 quorum
947 1523 1139 1560 varietate
1168 1526 1294 1563 tacuit
1324 1523 1515 1579 Spald.)3
1563 1542 1584 1565 e

129 1590 244 1627 nullo
276 1589 385 1625 enim
416 1586 473 1625 ὂν.
506 1596 588 1626 nai.
622 1588 799 1627 affertur.
917 1586 1056 1628 lter-oris
1093 1589 1372 1631 etiam'Aan.
1400 1597 1438 1632 1.
1472 1608 1494 1631 a
1523 1609 1582 1646 pr.

129 1671 186 1695 m.
230 1664 269 1695 et
308 1654 422 1695 Sich.
484 1652 616 1694 Ceteri
657 1656 800 1703 codd.,
852 1657 944 1695 fort.
985 1659 1279 1698 conferentium
1323 1663 1584 1713 negligentia,

128 1731 322 1762 tacentur.
381 1721 656 1762 Parisinorum
685 1738 779 1761 vero
812 1722 851 1761 4.
884 1731 923 1761 et
954 1727 993 1763 5.
1025 1724 1175 1776 herous,
1207 1731 1245 1766 1.
1268 1735 1309 1766 et
1330 1733 1370 1769 2.
1404 1727 1585 1767 heroicus

128 1791 321 1830 exhibere
362 1791 588 1830 traduntur.

243 1863 279 1910 ξ.
309 1864 378 1898 29.
440 1869 572 1896 nostr-0
603 1873 684 1897 om.
715 1860 838 1896 etiam
867 1856 1003 1896 Turio.
1030 1856 1138 1898 Flor,
1163 1858 1302 1913 Camp.
1334 1862 1424 1900 fort.
1455 1860 1582 1902 Amb.

133 1932 198 1977 1.;
248 1928 424 1964 retinent
453 1925 542 1965 Par.
578 1930 614 1964 1.
648 1932 687 1965 2.
723 1930 759 1964 6.
877 1934 932 1962 est
962 1933 1050 1978 post
1085 1929 1275 1966 vitiosum
1314 1929 1433 1968 inser.
1465 1933 1588 1970 etiam

130 1994 240 2034 Jens.
271 1990 396 2032 Tarv.
427 1991 526 2032 Loc.
556 1992 664 2032 Ven.

246 2064 281 2113 ξ.
315 2065 381 2100 30.
442 2060 646 2113 *Namquq
685 2062 742 2099 ita
768 2060 881 2098 haud
910 2060 1031 2098 dubie
1063 2062 1183 2100 etiam
1204 2060 1301 2102 Tur.
1324 2062 1432 2103 Flor.
1455 2062 1582 2106 Aan.

136 2134 175 2169 1.
207 2131 371 2181 Camp„
423 2131 493 2182 qui
522 2131 700 2166 silentur.
762 2127 868 2165 Nam
899 2127 1003 2182 quod
1040 2131 1161 2167 etiam
1194 2128 1294 2170 ΑΙά.
1356 2131 1464 2171 Nam
1494 2136 1587 2186 quia

134 2196 243 2237 Jens.
284 2193 407 2235 Tarv.
447 2193 546 2235 Loc.
587 2195 696 2234 Ven.
822 2211 888 2233 eae
924 2205 1034 2246 suni‚·
1085 2198 1204 2248 plane
1242 2200 1298 2237 ita
1338 2197 1478 2253 Camp.
1521 2217 1587 2239 eae

137 2265 227 2304 edd.
270 2272 361 2303 ante
402 2262 515 2304 Sich.
561 2278 712 2301 omnes.
781 2278 826 2300 ea
866 2260 1028 2312 Turic.;
1081 2263 1152 2301 hac
1190 2269 1366 2306 retinent
1392 2266 1518 2307 Amb.
1545 2272 1583 2308 1.

136 2331 244 2370 Flor.
305 2341 393 2369 sunt
433 2334 553 2369 etiam
594 2328 732 2370 Turio.
771 2327 879 2369 Flor.
920 2332 1019 2384 (qni
1050 2333 1090 2368 in
1119 2332 1235 2371 verbo
1263 2335 1325 2371 illi
1352 2333 1586 2389 anteponit)

137 2398 263 2438 Amb.
297 2405 335 2438 1.
367 2398 491 2438 Paris.
516 2403 554 2438 3.
615 2400 692 2436 sint
716 2399 842 2437 Paris.
868 2402 906 2437 1.
928 2403 968 2438 2.

253 2470 288 2519 §.
320 2471 387 2506 31.
447 2465 652 2520 cli-syllabis
692 2467 813 2503 etiam
843 2462 966 2505 Tarv.
997 2464 1096 2505 Ald.
1129 2465 1258 2507 Stoer.
1321 2467 1530 2522 &syllabis
1565 2486 1587 2509 e

140 2537 265 2575 Paris.
290 2538 327 2573 1.
347 2539 388 2574 2.
419 2542 626 2572 enotatum
655 2541 726 2572 est.
843 2548 912 2570 nce
939 2549 1030 2586 unq.
1060 2532 1129 2572 ult.
1160 2537 1316 2574 inverso
1339 2536 1422 2576 ord.
1445 2534 1585 2577 Turio.

144 2602 252 2642 Flor.
287 2600 414 2641 Amb.
437 2605 474 2640 1.
507 2598 646 2654 Camp.
750 2602 874 2655 flexa
904 2611 939 2639 et
969 2610 1086 2639 acum
1114 2604 1234 2641 etiam
1263 2601 1403 2643 Turio.
1434 2603 1525 2644 Par.
1549 2610 1585 2643 1.

145 2676 185 2710 2.
244 2673 431 2725 quoniam
459 2691 515 2698 ---
543 2679 660 2707 acuta
689 2683 769 2708 om.
801 2667 890 2708 Par.
916 2673 953 2708 6.
985 2668 1125 2722 Camp.
1149 2668 1261 2711 Sich.
1292 2674 1382 2710 fort.
1405 2671 1531 2711 Amb.
1549 2678 1585 2711 1.

146 2741 331 2793 quoniam
368 2735 453 2776 ead.
520 2738 587 2789 qui
626 2738 663 2774 in
704 2735 788 2776 ecul.
835 2734 973 2777 Turio,
1024 2736 1094 2788 (ut
1130 2735 1281 2792 Bern.)
1329 2738 1432 2778 Flor.
1494 2742 1589 2791 quin

1054 2804 1138 2842 (32
