1775 3091
224 247 276 287 ‹ul
307 247 464 300 Quintil.
491 246 617 288 Instit.
644 244 724 296 IV,
755 253 792 288 2.
821 247 854 298 ξ.
877 249 1121 289 129-132,
1151 250 1190 288 3.
1213 248 1248 299 ξ.
1273 251 1407 290 1-5.
1458 257 1538 293 219

236 362 272 412 §.
313 367 352 403 2.
413 359 564 416 forum.
630 357 728 400 Loc.
768 359 875 400 Ven.
906 359 1022 415 foro.
1133 376 1279 414 ogere.
1343 359 1468 403 Amb.
1500 370 1540 406 2.

125 444 251 481 aegre.
365 431 469 478 ιιι-,εἰ
495 444 660 482 pressae.
717 426 854 480 Camp.
881 443 925 464 nc
955 430 990 466 si
1012 443 1109 481 prae
1139 444 1189 467 se.
1244 426 1379 469 Turio.
1409 430 1541 484 Flor.,

124 504 289 549 uterque
319 510 341 535 a
368 511 425 549 pr.
456 511 510 535 m.
541 495 649 535 Vall.
681 493 814 535 Guelf.
844 493 967 534 Amb.
1001 501 1040 534 2.
1081 493 1197 535 Voss.
1222 500 1264 536 3.
1299 498 1374 538 nisi
1397 515 1540 552 presse.

243 566 492 603 narrationis.
552 562 686 602 Turio.
726 577 748 600 a
780 577 838 614 pr.
869 577 922 601 m.
963 561 1069 602 Flor.
1106 562 1223 603 Voss.
1254 568 1361 604 1.,3.
1402 582 1544 606 narra-

124 631 238 670 tioni.
291 628 401 670 Alm.
433 632 663 669 narratione.
771 628 1004 682 gracilitati.
1057 627 1191 670 Guelf.
1223 628 1351 672 Colhl.
1378 633 1546 686 gracili-

125 705 229 736 tate.¹
331 708 653 751 argumentorum.
709 694 807 738 Loc.
839 707 1203 750 argumentator-um.
1265 743 1270 748 ,

235 764 271 815 §.
302 769 341 805 3.
398 768 545 805 vitium.
604 764 710 805 Flor.
740 767 920 805 vicinum.
1018 781 1165 804 necesse·
1192 768 1257 805 sit.
1313 766 1418 809 Flor.
1441 783 1464 810 a
1483 786 1543 824 pr.

121 845 176 870 m.
208 834 380 872 necessit.
491 849 604 886 eoque
633 843 792 873 sumtas.
849 832 916 873 Sic
945 835 1066 872 etiam
1093 831 1198 873 Flor.
1246 832 1306 874 At
1333 834 1423 876 Par.
1448 842 1485 877 1.
1507 844 1546 879 2.

123 903 164 938 3.
193 898 301 939 Jens.
326 915 416 939 cum
437 901 526 940 edd.
556 909 647 939 ante
678 899 823 941 Cervic.
855 909 894 939 et
925 899 1077 954 Gryph.
1105 917 1221 955 eoque
1242 901 1446 943 desumtas.

123 968 186 1005 iis.
243 966 367 1007 Amb.
396 973 434 1007 2.
466 970 514 1007 is.
573 967 682 1007 Sich.
712 967 785 1007 his.
845 966 989 1019 [Codd.
1027 970 1214 1020 silentur,
1252 972 1279 1009 i.
1309 985 1345 1011 e.
1386 971 1445 1011 his
1471 973 1553 1013 ha-

124 1035 240 1085 bent,
270 1035 339 1073 sed
368 1035 443 1074 hoc
467 1038 538 1074 vix
566 1050 662 1088 opus
693 1044 749 1074 est
778 1045 991 1086 annotare,
1021 1038 1160 1074 malim
1190 1051 1254 1076 eos
1283 1041 1411 1090 potius
1441 1043 1548 1081 locos

125 1104 173 1139 ab
195 1103 405 1141 editoribus
435 1103 614 1152 iudicari,
647 1105 715 1141 ubi
740 1105 770 1141 ii
797 1112 836 1142 et
868 1105 918 1142 iis
947 1106 990 1141 iu
1008 1105 1120 1142 bonis
1137 1106 1248 1144 libris
1266 1107 1548 1160 inveniantur]

234 1172 273 1207 in
303 1169 415 1210 hanc.
472 1169 579 1208 Flor.
611 1184 634 1208 a
660 1185 719 1222 pr.
749 1185 804 1209 m.
837 1173 877 1208 in
906 1170 993 1210 hac.
1109 1173 1201 1223 quia
1231 1171 1368 1212 alieno.
1420 1174 1543 1216 Amb.

125 1241 160 1276 1.
188 1236 276 1278 Par.
306 1243 341 1276 1.
370 1236 476 1277 Flor.
505 1240 603 1276 item
630 1239 767 1277 inserr.
799 1237 892 1276 alia.
1012 1239 1176 1290 possint.
1209 1236 1346 1291 Camp.
1373 1253 1548 1294 possunt.

233 1304 396 1343 (licenda
433 1307 507 1343 sint
537 1329 602 1343 -.
654 1304 753 1357 Ego.
810 1304 878 1344 Sic
916 1302 1039 1344 Amb.
1066 1310 1102 1345 2.
1138 1304 1255 1346 Voss.
1299 1311 1335 1346 1.
1347 1337 1358 1355 ,
1400 1313 1549 1350 omissis

122 1373 379 1412 intermedijs.

234 1442 271 1490 §.
303 1440 342 1489 4.
399 1439 484 1492 Ego
515 1442 640 1479 omitt.
671 1438 778 1478 Flor.
817 1453 990 1493 quoque.
1116 1441 1361 1494 expoliandi.
1417 1442 1544 1487 Amb.

123 1511 161 1546 1.
191 1507 407 1560 spatiandi,
441 1509 574 1546 abraso
615 1523 678 1546 we.
734 1505 871 1558 Camp.
903 1507 1174 1561 coespaciancli.
1288 1523 1437 1551 narrat.
1467 1513 1544 1552 sed.

120 1573 256 1614 TurIc.
287 1590 308 1613 a
328 1590 396 1627 pr.
419 1581 468 1613 111.
497 1574 604 1614 Flor.
637 1577 873 1613 narrationis
904 1574 982 1614 3ch.
1011 1613 1014 1615 ,
1038 1573 1158 1615 Amb.
1180 1582 1218 1617 2.
1247 1588 1398 1618 narrat.
1430 1580 1546 1634 quod.

231 1645 430 1681 universis.
492 1641 626 1681 Turio.
660 1657 681 1680 a
706 1658 763 1694 pr.
785 1657 839 1680 m.
872 1645 1081 1682 universas.
1194 1655 1261 1686 aut
1291 1655 1390 1683 certe
1417 1664 1458 1700 p.
1487 1659 1549 1686 at-

122 1726 205 1764 que.
264 1709 387 1748 Aan.
423 1714 458 1747 1.
500 1719 566 1747 aut
592 1726 631 1761 p.
668 1719 734 1746 aut
784 1712 825 1756 (α
865 1710 982 1759 adjec.
1023 1713 1074 1750 al.
1112 1711 1239 1763 man.)
1281 1723 1380 1750 certe
1418 1725 1546 1766 queat.

122 1777 342 1826 [].[endose,
372 1776 477 1814 nihil
505 1777 634 1814 aliud:
668 1786 779 1828 queat
811 1784 867 1813 est
897 1776 1039 1829 atqua]
1153 1777 1362 1817 illustrari.
1418 1779 1544 1821 Amb.

122 1852 160 1886 2.
193 1845 406 1883 inlustrari.
521 1846 758 1882 orationem:
786 1842 852 1879 scd
891 1845 938 1880 si.
994 1841 1115 1882 Amb.
1150 1849 1185 1883 1.
1227 1848 1353 1884 oratio
1393 1863 1482 1886 nam
1512 1859 1547 1887 et

121 1916 168 1951 si.
285 1921 477 1950 cuneatur.
544 1909 610 1949 Sic
647 1909 752 1948 Flor.
792 1924 814 1947 a
848 1924 905 1961 pr.
938 1925 992 1948 111.
1035 1909 1184 1961 Colin.‚
1228 1922 1266 1951 et
1303 1915 1386 1951 sine
1427 1915 1546 1955 dubio

121 1983 242 2018 etiam
271 1978 392 2016 Amb.
418 1984 451 2017 l.
513 1981 750 2016 contincatur
783 1976 885 2016 Flor.
915 1980 961 2016 ab
990 1981 1055 2017 alt.
1087 1994 1136 2016 m.
1162 1978 1250 2019 Par.
1273 1985 1309 2019 1.
1384 1993 1546 2021 conatur

122 2045 276 2087 Cervic.
391 2056 541 2084 natura.
600 2044 705 2083 Flor.
744 2043 868 2083 Amb.
901 2051 939 2085 2.
976 2044 1097 2085 Bern.
1134 2057 1307 2087 naturae.
1421 2061 1545 2097 erant.

120 2112 226 2154 Jens.
258 2122 297 2152 et
325 2116 500 2167 reliquae
530 2121 621 2151 ante
649 2111 749 2150 Bad.
779 2122 872 2151 cra-t.

232 2181 266 2231 ξ.
301 2184 336 2220 5.
398 2191 476 2218 tam
507 2190 572 2218 est.
633 2178 770 2231 Camp.
798 2189 853 2216 est
881 2191 971 2218 tam.
1086 2183 1316 2221 narrationi.
1373 2181 1490 2224 Voss.
1509 2191 1545 2226 1.

121 2247 229 2286 addit
251 2249 328 2299 jus.
387 2246 498 2286 Voss.
529 2252 567 2286 3.
597 2249 667 2286 vis.
778 2248 984 2300 probatio:
1027 2249 1101 2286 nisi
1125 2250 1171 2285 si.
1211 2248 1315 2287 Flor.
1348 2264 1371 2288 a
1400 2266 1457 2303 pr.
1488 2267 1543 2292 m.

119 2314 341 2367 probationi
378 2317 424 2354 si.
487 2315 602 2355 Alm.
645 2315 754 2368 prob.
793 2318 852 2353 vis
881 2319 931 2355 si.
997 2314 1121 2354 ,Amb.
1153 2321 1190 2355 1.
1240 2314 1377 2356 Turio.
1423 2316 1544 2360 Goth.

122 2379 260 2432 Camp.
301 2380 402 2420 Bad.
446 2380 596 2422 Cervic.
636 2381 765 2422 Colin.
807 2387 933 2423 omitt.
974 2385 1020 2421 si.
1079 2380 1210 2422 Guelf.
1248 2385 1359 2436 prob.
1392 2395 1426 2422 et
1455 2388 1542 2427 nisi.

119 2446 242 2487 Amb.
263 2453 299 2486 2.
330 2447 447 2487 Voss.
462 2454 497 2488 3.
523 2450 766 2502 probationis
794 2454 840 2490 si.
889 2450 1032 2490 Joann.
1060 2450 1299 2503 probationis
1318 2454 1388 2489 ris.
1434 2450 1543 2493 Jens.

122 2524 161 2554 et
193 2515 282 2553 edd.
314 2524 404 2553 ante
433 2513 532 2554 Bad.
563 2531 654 2555 cum
679 2515 787 2557 Sich.
816 2527 854 2557 et
882 2520 1042 2572 reliquis
1074 2531 1134 2569 ap.
1165 2515 1301 2557 Burm.
1328 2519 1438 2571 prob.
1457 2523 1541 2562 etsi.

231 2581 295 2620 ille
323 2581 386 2620 vel
423 2585 535 2635 quasi
562 2608 617 2613 —
647 2587 809 2623 initium.
867 2584 933 2625 Sic
978 2584 1088 2623 Alm.
1127 2583 1262 2624 Turio.
1297 2585 1402 2624 Flor.
1436 2601 1456 2625 a
1483 2603 1541 2640 pr.

120 2663 174 2687 m.
214 2648 367 2701 Camp„
398 2653 545 2688 omissis
577 2653 830 2691 intermediis.
889 2652 946 2691 At
975 2651 1098 2696 Amb.
1126 2658 1161 2692 1.
1193 2652 1256 2691 ille
1286 2652 1348 2691 vcl
1378 2658 1541 2707 egressio

126 2719 238 2768 quasi
268 2719 427 2755 initium.
490 2716 646 2767 [Quam
683 2734 795 2758 caeca
825 2722 1049 2760 criticonun
1079 2735 1137 2759 ars
1166 2723 1236 2770 sit,
1266 2723 1341 2760 nisi
1371 2725 1542 2762 veritatiS
