1775 3091
375 242 430 283 cul
461 241 621 295 Quintil.
652 241 782 281 Instit.
817 239 870 289 V,
904 246 968 281 10.
1000 242 1036 294 §.
1069 241 1264 281 56-64,
1458 245 1534 281 261

104 356 311 397 addicens.
369 353 467 410 [Ad
490 358 729 395 sententiam
750 353 1004 408 Spaldingius
1027 355 1194 393 conferri
1216 355 1373 404 jubebat
1393 351 1536 405 Quint.

104 423 285 465 Declam.
308 426 400 465 340.
433 424 574 474 „aliud
604 438 684 462 esse
706 425 747 460 iu
766 425 945 461 libertate
970 437 1074 471 esse,
1107 422 1214 460 aliud
1235 423 1407 460 liberum
1425 422 1537 460 esse“

105 493 292 532 laudante
323 489 526 531 Gronovio
555 492 604 529 ad
635 490 758 530 Tacit.
789 488 938 530 Annal.
964 486 1063 539 XII,
1087 488 1183 540 53.]

218 561 252 611 §.
281 563 346 599 61.
403 558 520 597 Illud.
564 557 689 597 Amb.
718 562 755 597 1.
785 556 906 595 aliud.
1002 555 1195 612 diffircns.
1242 554 1336 597 Ald.
1367 555 1536 610 disset-ci.

187 636 339 666 vocant.
382 624 514 664 Turio.
545 635 673 663 vocat.
720 624 858 677 Camp.
883 634 1057 663 vocatur.
1143 626 1181 662 in
1212 626 1366 678 specics.
1413 623 1537 664 Amb.

107 699 143 735 1.
173 696 344 747 speciem.
390 691 528 733 Turio.
558 691 665 732 Flor.
699 707 721 731 a
747 708 804 745 pr.
834 707 888 731 m.
918 689 1057 744 Camp.
1087 689 1210 730 Amb.
1233 697 1271 732 2.
1303 691 1343 730 in
1362 694 1537 746 speciem.

188 760 358 800 diducto.
404 758 527 800 Amb.
561 764 598 800 1.
627 760 819 799 diductos.
866 758 1002 799 Turio.
1030 759 1138 798 FIor.
1169 774 1191 798 a
1222 775 1278 812 pr.
1311 774 1364 798 m.
1397 757 1538 811 Camp.

104 828 283 868 deducta.
349 827 461 867 Voss.
493 833 531 867 1.
559 833 599 868 2.
629 833 665 867 3.
701 828 810 868 Jeus.
839 826 1012 866 deducto.
1069 826 1189 867 Tarv-
1226 824 1322 866 Ald.
1359 826 1538 865 adducto.

105 895 226 935 Amb.
247 901 284 934 2.
319 894 515 935 deductos.
598 895 744 950 dg'ff'ert.
798 894 934 934 Turic.
964 894 1127 950 tliffbrct.
1212 912 1347 949 propr.
1375 904 1444 944 esi,
1471 893 1542 933 sed

107 962 245 1016 Camp.
281 977 358 1002 om.
386 973 454 1003 est.
540 962 795 1017 quadrupede.
852 960 971 1002 Amb.
1005 967 1037 1002 1.
1070 962 1317 1017 quadripoda
1361 959 1482 1001 Amb.
1504 965 1542 1000 2.

106 1029 307 1084 quadripc.
416 1030 796 1085 comprehensionem.
846 1029 982 1069 Turic.
1010 1028 1118 1070 Alln.
1147 1030 1265 1070 Voss.
1300 1035 1336 1069 1.
1368 1033 1405 1068 3.
1435 1044 1542 1068 com-

104 1100 358 1152 pressionem,
390 1112 413 1137 a
435 1113 512 1138 sec.
542 1113 597 1138 ln.
627 1098 734 1138 Jens.
765 1101 864 1138 Loc.
894 1096 1002 1139 Ven.
1031 1100 1365 1152 comprensionem.
1423 1094 1542 1136 Alub.

107 1172 144 1208 2.
176 1167 518 1218 compresisionem.

217 1233 248 1283 ᾧ.
283 1237 345 1273 62.
406 1249 532 1286 quam.
579 1230 715 1273 Turio.
747 1248 856 1287 quac.
941 1230 1090 1270 diducit
1121 1242 1155 1269 et
1186 1233 1245 1271 iis.
1302 1229 1423 1271 Amb.
1449 1234 1486 1270 1.
1505 1235 1544 1270 2.

106 1299 243 1340 Turio.
294 1298 433 1352 Camp.
473 1298 626 1338 deducit
664 1310 699 1338 ct
736 1300 819 1350 his,
880 1301 989 1353 quod
1029 1308 1068 1338 et
1106 1298 1216 1339 Sich.
1326 1314 1412 1350 arg.
1446 1313 1548 1337 omn.

108 1367 247 1421 Camp.
279 1368 437 1407 et⁴edd.
468 1377 559 1407 ante
589 1366 716 1407 Stoer.
744 1383 845 1406 omn.
875 1383 958 1419 arg.
1063 1383 1148 1405 cum
1179 1365 1355 1418 legatum.
1405 1363 1545 1417 Camp.

107 1437 223 1475 inser.
252 1437 458 1488 signatum.
543 1451 640 1489 quae
665 1436 752 1473 viro
780 1433 1094 1489 materfamilias.
1151 1433 1289 1473 Turio.
1320 1447 1416 1486 quae
1438 1447 1548 1471 roma

107 1502 262 1557 ter-fam.
299 1500 409 1541 Alm.
439 1517 538 1556 quae
568 1517 678 1541 roma
708 1500 958 1557 terfamiliaS.
992 1500 1101 1541 Flor.
1134 1516 1155 1539 a
1179 1517 1238 1554 pr.
1260 1515 1314 1540 m.
1338 1515 1372 1554 q.
1396 1515 1439 1538 ro
1459 1514 1549 1538 ma·-

108 1569 356 1625 tcrfamilias.
461 1568 601 1610 (leber-i.
649 1568 716 1609 Sic
746 1572 867 1607 etiam
895 1567 1018 1608 Amb.
1051 1573 1087 1609 1.
1124 1567 1214 1609 Par.
1243 1573 1280 1608 2.
1311 1573 1348 1607 3.
1441 1580 1550 1606 conv.

107 1639 245 1691 specie.
295 1636 403 1677 Flor.
435 1651 457 1676 a
487 1653 564 1677 sec.
594 1652 649 1677 m.
687 1636 793 1677 Jens.
835 1645 875 1676 et
911 1636 1003 1675 edd.
1042 1645 1133 1675 aute
1171 1634 1267 1676 Ald.
1308 1637 1448 1675 inserr.
1482 1631 1551 1672 secl

108 1714 228 1757 neget.
319 1707 405 1742 sini.
459 1703 597 1756 Camp.
630 1714 727 1742 sunt-

223 1772 259 1820 §.
288 1776 352 1810 63.
409 1772 614 1810 Diuisione
641 1795 697 1801 —
725 1769 846 1809 docet.
905 1768 972 1808 Sic
1001 1768 1125 1808 Amb.
1157 1773 1215 1817 13,
1263 1770 1400 1807 ceteris
1430 1769 1552 1807 omis-

111 1841 174 1878 sis.
218 1837 354 1877 Turio.
394 1837 500 1877 Flor.
540 1837 766 1876 divis-ionem
809 1846 875 1875 aut
905 1836 983 1890 adj.
1015 1834 1136 1874 docet.
1194 1834 1332 1887 Camp.
1363 1833 1484 1875 Beru.
1514 1833 1553 1874 cl.

113 1915 180 1944 ant
209 1920 247 1943 α.
278 1903 315 1945 cl.
384 1903 509 1943 Amb.
544 1911 582 1945 2.
612 1903 841 1943 divisionem
873 1919 910 1943 a.
940 1902 1017 1956 adj.
1048 1902 1115 1952 ὦ,
1162 1902 1232 1942 sed
1273 1900 1411 1955 Camp.
1446 1900 1558 1946 dccet

114 1987 184 2026 pro
209 1971 329 2010 (locet.
415 1982 456 2010 ut
489 1971 647 2023 Quibus.
699 1970 823 2011 Amb.
849 1975 887 2011 1.
914 1969 1052 2010 Turio.
1083 1968 1187 2009 Flor.
1214 1985 1238 2008 a
1267 1984 1327 2022 pr.
1355 1983 1412 2008 m.
1442 1966 1554 2009 Alm.

115 2038 254 2092 Camp.
285 2040 326 2077 in
359 2037 516 2089 Quibus,
613 2037 744 2094 jbrm.
784 2049 873 2077 cert.
921 2036 1058 2090 Camp.
1089 2047 1214 2076 certas
1238 2036 1367 2093 form.
1460 2046 1556 2089 quot

114 2109 202 2146 sint.
269 2104 408 2158 Camp.
448 2116 504 2145 iot
543 2108 632 2145 sint.
742 2122 837 2159 quas
877 2116 964 2144 tres.
1017 2103 1127 2144 Flor.
1164 2119 1186 2143 a
1214 2120 1270 2157 pr.
1304 2119 1361 2142 m.
1393 2118 1554 2158 quoque

115 2174 319 2227 quaesit-is.
374 2171 497 2212 Amb.
527 2178 568 2213 2.
599 2188 695 2234 quaq
726 2174 823 2224 iris,
874 2175 1006 2228 [quae
1034 2172 1234 2211 scribendi
1262 2173 1387 2222 ratio,
1433 2173 1556 2210 etiam

117 2242 322 2292 posteriori
351 2248 475 2278 aetate
506 2237 777 2293 freqtientata‚
821 2243 1029 2280 manifesta
1060 2241 1200 2278 erroris
1228 2253 1346 2278 causa
1375 2237 1464 2289 est]

119 2309 351 2359 accepimus.
408 2306 475 2346 Sic
515 2310 635 2346 etiam
662 2306 768 2347 Flor.
797 2306 918 2347 Amb.
949 2314 988 2349 2.
1017 2307 1107 2347 Par.
1141 2311 1178 2346 1.
1203 2312 1243 2347 2.
1275 2311 1312 2348 5.
1408 2303 1557 2361 populi.

118 2372 242 2414 Amb.
268 2377 304 2412 1.
331 2371 437 2413 Flor.
469 2389 492 2413 a
520 2390 578 2427 pr.
605 2390 658 2413 m.
683 2373 840 2428 populo.

231 2443 265 2489 §.
298 2439 360 2478 64.
425 2457 501 2480 ηοη
537 2442 607 2480 his.
664 2440 788 2481 Δῃὼ.
820 2447 854 2481 1.
883 2443 1023 2480 nonin
1055 2443 1115 2481 iis.
1172 2439 1278 2480 FIor.
1308 2456 1383 2480 non
1412 2441 1453 2478 in
1482 2439 1557 2478 his.

121 2505 247 2547 Amb.
267 2513 306 2548 2.
336 2503 457 2546 Goth.
487 2525 562 2548 non
583 2511 646 2548 iis.
733 2510 822 2563 quia
851 2509 1035 2548 scribon&
1083 2507 1208 2547 Amb.
1233 2513 1268 2547 1.
1300 2510 1367 2562 qui
1385 2507 1559 2546 scriben-

123 2574 210 2614 das.
296 2589 351 2614 ex
382 2576 469 2627 jure
496 2574 622 2615 Amb.
652 2580 691 2615 1.
731 2578 890 2616 omittit.
1004 2591 1051 2615 ea
1080 2575 1230 2614 ducere.
1286 2573 1389 2614 Flor.
1417 2572 1559 2628 Camp-

122 2640 245 2682 Aan.
274 2648 315 2683 2.
345 2640 386 2681 ἆ.
414 2658 446 2682 e.
502 2640 621 2682 Amb.
655 2647 692 2683 1.
729 2642 866 2685 ducere
891 2660 989 2683 cam.
1092 2658 1197 2683 vero.
1246 2639 1369 2682 Goth.
1400 2658 1560 2696 quoque.

203 2720 367 2764 partem.
415 2707 537 2751 Amb.
564 2716 605 2752 2.
625 2720 752 2766 parte.
838 2721 878 2751 ut
905 2713 995 2767 quia
1016 2726 1151 2766 propr.
1211 2712 1280 2751 Sic·
1297 2712 1416 2750 etiam
1433 2707 1558 2751 Amb.
