1775 3091
251 218 305 257 ad
335 217 497 268 ΟιιῐιιΙίῘ.
534 216 660 257 'assiu
688 216 765 269 ῙἾ,
790 223 827 258 1.
853 221 885 272 ξ.
919 223 1111 260 50—55.
1153 226 1191 261 2.
1224 223 1425 274 §.1—4.
1486 230 1566 267 319

123 348 233 372 more
251 330 480 373 Latinitatis
501 334 566 383 fit,
605 331 869 374 adversativas
897 335 1108 386 particulas
1126 336 1169 374 in
1193 338 1380 389 oppositiS
1404 347 1567 378 senten-

122 404 183 440 tiis
215 399 470 452 omittentis.]

236 482 272 533 ᾗ.
295 480 361 520 54.
411 478 639 519 nauarchis,
679 476 801 519 Amb.
823 484 858 519 1.
881 483 1079 520 nauarcis.
1169 483 1355 522 cruciatis
1374 508 1431 515 —
1452 482 1568 527 Rom.

121 546 246 588 Amb.
276 553 312 588 1.
336 549 511 587 cruciavi
530 545 580 585 R.
627 546 736 587 Flor.
756 549 864 586 eruci
885 564 919 588 c.
942 546 997 588 R.
1043 548 1130 589 Par.
1152 555 1190 590 1.
1225 553 1333 590 cruci
1356 568 1389 592 c.
1409 549 1484 601 R.‚
1522 562 1569 593 ut

119 619 199 667 jam
227 615 451 668 Spaldingii
486 617 711 666 conjectura
740 617 849 654 cruci
878 617 975 655 civis
1002 614 1176 657 Romani
1211 621 1338 673 ipsam
1367 623 1567 674 scriptoris

119 697 285 721 manum
312 685 536 735 exprimere
561 683 758 724 videatur.
1336 679 1341 684 ⁸

231 762 268 814 ᾗ.
304 766 369 802 55.
430 759 651 815 ἐπιλόγους.
706 760 831 802 Amb.
856 766 895 803 1.
923 765 1132 811 επιλοκοις.
1182 763 1323 819 Camp.
1345 769 1566 816 επιλοκους.

199 841 333 885 parics
363 832 456 883 ejus,
508 829 647 871 Turio.
678 845 698 869 a
722 846 780 884 pr.
799 845 854 870 m.
879 834 1009 885 patris
1033 835 1126 886 ejus·
1240 845 1274 872 et
1296 835 1452 889 epilogi.
1499 836 1566 878 Sic

118 900 238 937 etiam
268 897 376 938 Flor.
410 897 501 938 Par.
530 902 566 937 1.
681 901 780 954 ipsa.
828 897 956 939 Amb.
983 904 1019 939 1.
1050 903 1153 954 ipse,
1200 916 1223 941 a
1251 917 1329 943 sec.
1362 919 1418 945 m.
1449 907 1569 959 ipsae,

118 981 210 1006 cum
231 965 367 1006 Turio.
469 968 672 1007 orationis.
726 965 853 1007 Amb.
879 972 916 1007 1.
944 966 1052 1008 Flor.
1073 972 1195 1009 etiam
1216 973 1394 1012 rationis.

693 1135 856 1178 ΕΑΒ.
921 1132 984 1176 IL

229 1250 267 1301 §.
302 1255 339 1290 1.
399 1251 464 1290 sit.
513 1247 639 1291 Amb.
675 1254 711 1290 1.
751 1247 887 1290 Turio.
915 1264 938 1288 a
963 1265 1022 1304 pr.
1048 1264 1104 1289 m.
1134 1249 1240 1292 Flor.
1276 1255 1478 1296 omittunt.

116 1329 274 1358 constet.
327 1317 464 1358 Turio.
496 1327 536 1358 et
554 1317 662 1358 Flor.
687 1332 709 1357 a
729 1333 787 1371 pr.
811 1333 867 1358 m.
890 1327 1056 1358 constat.
1163 1319 1210 1358 cle
1239 1320 1309 1359 lzis.
1361 1321 1499 1376 Camp.
1519 1324 1566 1363 <le

113 1390 176 1427 iis.
265 1386 415 1442 quidem
435 1389 562 1425 istum.
611 1384 753 1439 Camp.
778 1400 858 1425 om.
962 1388 1284 1439 potentissimum.
1333 1388 1469 1431 Turio.
1490 1409 1564 1446 po-

113 1456 370 1501 ienlissimus‚
411 1469 433 1492 a
452 1470 530 1493 sec.
554 1468 608 1494 m.
627 1463 799 1507 potentes
824 1454 956 1492 simus.
1057 1469 1178 1507 snpra
1200 1454 1331 1496 dictis.
1370 1456 1498 1499 Amb.
1524 1465 1562 1501 1.

112 1521 248 1562 Turio.
276 1537 299 1560 a
319 1537 378 1575 pr.
402 1536 456 1562 m.
488 1537 602 1576 super
622 1519 661 1560 cl.
782 1519 999 1577 difficilia&
1048 1518 1188 1563 Turio.
1223 1538 1246 1563 a
1273 1539 1333 1578 pr.
1365 1539 1421 1566 m.
1453 1526 1562 1569 Flor.

111 1589 301 1646 agfficilis.

224 1673 259 1722 ξ.
289 1674 329 1710 2.
386 1684 594 1723 possemus.
641 1666 708 1707 Sio
729 1669 850 1707 etiam
870 1665 985 1708 Sich.
1084 1677 1220 1708 iotam.
1262 1668 1400 1713 Turic.
1425 1684 1560 1717 totum.

226 1749 258 1799 §‚
288 1752 326 1787 3.
385 1746 438 1786 ad
449 1746 628 1803 fimgem.
664 1744 776 1786 Jens.
795 1754 834 1785 et
858 1747 948 1786 edd.
970 1755 1063 1786 ante
1084 1745 1184 1787 Ald.
1204 1750 1397 1790 omittunt
1416 1750 1482 1792 ad.

112 1815 324 1871 aliquam.‘
353 1812 476 1855 Goth.
500 1812 679 1868 aliquem.
796 1815 865 1868 qui
892 1830 923 1853 s.
956 1831 998 1867 p.
1031 1830 1143 1869 quae.
1188 1813 1326 1859 Turic.
1359 1832 1382 1856 a
1413 1833 1473 1872 pr.
1501 1835 1558 1860 m.

111 1886 202 1938 quia
223 1900 250 1922 s.
267 1884 496 1937 peritaeque.
599 1881 796 1921 hactenus.
852 1880 991 1921 Turio.
1023 1893 1194 1923 actenus.
1300 1885 1404 1939 quod
1421 1891 1560 1929 sentio.

112 1950 249 1990 Turio.
272 1965 294 1989 a
312 1966 372 2003 pr.
392 1965 446 1989 m.
471 1951 561 2003 quia
583 1965 614 1989 s.
663 1946 786 1989 Goth.
808 1948 904 2005 quid
921 1966 952 1989 s,
1069 1949 1218 1991 diserti.
1269 1949 1378 1993 Jens.
1402 1953 1557 1997 deserti.

196 2035 349 2058 causas.
408 2015 529 2057 Amb.
559 2022 596 2057 1.
637 2015 744 2057 Flor.
785 2020 906 2057 etiam
941 2033 1122 2067 causam,
1184 2017 1317 2073 [quod
1353 2025 1559 2074 probabile

110 2087 288 2137 videtur,
327 2100 576 2140 quamquam
593 2100 735 2139 parum
754 2087 887 2125 refert.
946 2082 1234 2138 Imperfectum
1253 2102 1347 2128 vero
1360 2120 1372 2140 ‚
1411 2092 1455 2130 in
1475 2106 1557 2145 quo

110 2153 248 2208 Spald.
276 2155 464 2202 offendit,
505 2168 592 2192 eam
611 2156 660 2192 ob
680 2168 840 2192 causam
861 2151 1007 2204 Quint.
1031 2154 1188 2194 videtur
1210 2159 1406 2208 posuisse,
1446 2160 1557 2212 quod

108 2225 210 2263 illud
238 2237 322 2261 non
346 2224 427 2260 fere
455 2224 576 2260 moris
604 2224 681 2260 fuit
711 2224 815 2260 inter
843 2230 1034 2271 oratores,
1074 2231 1120 2262 ut
1147 2224 1246 2262 alter
1271 2226 1424 2275 jejunus
1450 2226 1558 2266 nihil

108 2295 184 2331 nisi
216 2305 375 2330 causam
411 2290 569 2329 doceret
600 2305 691 2329 vere
724 2290 928 2329 disertum.
987 2287 1092 2329 Item
1132 2291 1243 2345 quod
1271 2295 1449 2345 sequitur
1480 2309 1554 2347 quo

110 2359 214 2398 dicto
245 2362 327 2397 n'on
361 2372 431 2410 ego
461 2367 544 2398 tam
565 2360 739 2397 insolens
761 2360 943 2398 existimo
957 2387 969 2407 ,
1014 2366 1059 2396 ut
1076 2360 1268 2411 corrigere
1290 2361 1424 2400 invitis
1443 2363 1554 2402 libris

107 2430 226 2465 velim
241 2458 251 2477 ‚
285 2434 341 2465 est
363 2428 473 2464 enim
490 2441 560 2478 pro
587 2425 724 2479 quibus
743 2425 882 2474 verbis,
917 2441 992 2480 qua
1011 2426 1228 2478 orationa]
1312 2438 1345 2466 et
1366 2430 1404 2467 in
1431 2445 1552 2483 quem.

110 2493 232 2535 Goth.
256 2509 334 2533 om.
357 2496 409 2533 in.
497 2495 551 2549 fl.
571 2504 606 2532 et
624 2495 744 2534 irasc.
789 2490 911 2534 Amb.
935 2498 972 2534 1.
999 2496 1147 2534 Qmjttit
1164 2497 1285 2533 etiam
1304 2505 1352 2536 et,

216 2577 248 2627 §.
279 2574 317 2612 4.
376 2572 515 2627 Atqui.
566 2571 634 2613 Sic
650 2570 772 2612 Amb.
798 2577 835 2612 1.
937 2571 1172 2612 dominatur.
1219 2572 1346 2614 Amb.
1370 2578 1408 2615 1.
1439 2573 1550 2616 Flor.

105 2640 217 2682 Sich.
256 2644 378 2681 etiam
418 2640 645 2681 dominetur.
761 2655 816 2679 ex
845 2656 881 2682 c.
913 2652 947 2679 et
973 2657 1063 2695 pro.
1120 2639 1259 2683 Turio.
1289 2657 1313 2682 a
1337 2657 1397 2696 pr.
1426 2657 1481 2682 m.
1513 2652 1550 2682 et

107 2725 225 2749 causa
248 2725 333 2763 pro.
