1775 3091
159 206 240 241 312
598 200 706 257 Supp
712 200 870 240 lementa
903 202 1166 240 annotationis

275 317 308 368 §.
337 317 403 355 15.
460 325 597 359 tamen,
646 312 767 355 Goth.
790 311 931 367 Camp.
951 313 1122 354 tandem.
1209 314 1361 370 objecit,
1403 312 1471 356 Sic
1491 317 1612 355 etiam

163 378 289 422 Amb.
324 387 361 423 1.
392 381 497 423 Flor.
527 382 617 422 Par.
641 386 677 422 1.
709 388 747 421 2.
859 392 940 421 aut.
988 380 1115 422 Amb.
1151 389 1189 423 1.
1217 394 1272 427 at.
1387 382 1612 423 Atrocitas.

166 446 308 502 Camp.
331 460 372 489 at
391 451 568 489 trocitas.
656 448 877 506 anfractus.
927 448 1055 490 Amb.
1081 454 1118 490 1.
1149 448 1256 491 Flor.
1272 483 1283 502 ,
1315 459 1480 504 uterque
1508 464 1531 489 a
1550 465 1611 503 pr.

163 531 232 568 m.,
264 528 436 567 tractus,
487 531 509 554 a
530 531 606 557 sec.
626 531 681 559 m.
711 527 934 568 tractatus,
982 518 1091 572 quod
1123 533 1264 557 verum
1291 518 1474 568 videtur,
1516 533 1614 558 nam

127 583 131 587 ’
165 583 373 640 anfi-actus
394 585 728 636 significationem
747 585 988 625 difficultatis
1007 585 1183 636 habent,
1223 586 1305 626 huc
1326 588 1496 625 minime
1522 601 1616 640 per-

169 654 375 691 fluentem.
423 648 486 690 Ita
509 661 597 704 post
627 653 662 704 §.
685 655 738 693 24
759 669 858 706 quae
879 656 1009 692 omnia
1028 655 1199 692 tractari
1215 656 1324 693 varie
1341 653 1476 694 solent.

278 721 310 770 §.
344 723 408 758 16.
485 722 696 773 querimur.
760 719 901 773 Camp.
946 723 1181 775 quaerimus.
1300 724 1484 775 primum·
1514 724 1616 777 ipsa.

163 783 298 826 Turio.
329 801 351 824 a
370 802 428 839 pr.
449 801 503 826 m.
530 790 748 842 praemium
781 790 808 827 i.
860 787 968 828 Flor.
991 788 1140 826 demum
1160 790 1188 828 i.
1294 791 1463 828 meritus.
1510 789 1618 830 Flor.

159 856 412 906 promeritus.
508 866 576 893 aut
597 858 659 896 iis.
708 853 837 896 Aan.
859 861 897 896 1.
920 871 942 895 a
962 871 1018 909 pr.
1038 871 1092 895 m.
1117 865 1159 893 ut
1180 857 1241 895 iis.
1290 855 1424 896 Turio.
1446 872 1469 895 a
1489 873 1547 910 pr.
1565 873 1618 896 m.

162 918 271 959 Flor.
304 919 442 974 Camp.
476 933 545 961 aut
574 939 660 962 cum
686 923 756 962 his.
818 921 953 964 Guelf.
983 923 1095 963 Sich.
1133 933 1200 961 aut
1232 923 1306 963 Izis.
1421 940 1508 963 cum
1532 924 1619 979 jud.

162 985 289 1028 Amb.
315 993 352 1029 1.
376 988 511 1030 Turio.
531 1005 555 1029 a
573 1006 629 1044 pr.
652 1006 704 1030 m.
735 989 767 1030 F
769 993 841 1030 lor.
865 989 1004 1043 Camp.
1031 993 1223 1030 omittunt
1244 1007 1342 1031 cum,
1450 995 1529 1046 ejus
1550 996 1618 1033 rei.

163 1052 232 1095 Sic
255 1058 378 1095 etiam
399 1056 512 1098 Sich.
620 1069 906 1098 exercerentur.
957 1058 1093 1098 Turio.
1113 1073 1135 1097 a
1154 1074 1214 1112 pr.
1235 1073 1290 1097 m.
1315 1071 1534 1100 exercetur.

278 1136 316 1186 §.
353 1140 420 1176 17.
481 1152 550 1176 nec
581 1139 658 1177 ira.
714 1136 852 1177 Turio,
884 1154 929 1175 nc
960 1139 1082 1177 circa.
1208 1138 1313 1192 quod
1336 1141 1459 1191 patri.
1508 1138 1616 1179 Flor.

163 1198 303 1255 Camp.
342 1206 434 1257 quia
460 1220 502 1258 p.
619 1223 641 1259 q
685 1208 812 1244 nisset.
871 1203 981 1245 Jens.
1021 1208 1141 1245 Tarv.
1169 1205 1368 1261 olgf'uisset.
1485 1207 1619 1261 qffirt.

161 1266 269 1308 Flor.
295 1270 455 1325 qffi’rctt.
552 1283 595 1312 ut
614 1273 728 1313 Dem.
778 1266 915 1312 Thric.
943 1283 978 1311 et
1000 1273 1111 1311 Dem.
1207 1272 1380 1314 DIidiae.
1428 1272 1555 1315 ,Amb.
1579 1280 1618 1316 1.

163 1335 337 1385 mediae,
389 1353 411 1377 a
429 1354 505 1380 sec.
527 1354 581 1380 m.
601 1341 776 1391 medeae,
819 1350 858 1381 et
889 1341 1055 1380 tandem
1080 1355 1102 1379 a
1124 1343 1241 1380 tertia
1261 1356 1316 1381 m.
1336 1351 1534 1382 nostrum.

279 1418 314 1466 ᾗ.
349 1420 413 1456 18.
476 1417 640 1457 Occisus
663 1430 731 1458 est.
782 1419 908 1459 Amb.
930 1425 967 1459 1.
994 1419 1100 1458 Flor.
1124 1434 1286 1473 quoque
1314 1423 1441 1460 omitt.
1465 1432 1536 1460 est.

163 1490 306 1521 utrum.
358 1482 485 1524 Amb.
512 1490 548 1524 1.
570 1485 677 1525 Flor.
702 1501 806 1525 vcro.
905 1501 955 1524 an
978 1501 1063 1525 ven.
1121 1484 1252 1524 Guelf.
1275 1497 1342 1524 aut
1361 1502 1445 1528 ven.
1536 1498 1620 1528 ior-

162 1558 236 1589 tus.
289 1548 396 1590 Flor.
429 1550 545 1592 Alm.
581 1550 715 1593 Guelf.
747 1552 840 1593 Bas.
870 1565 996 1605 marg.
1032 1551 1149 1592 Voss.
1172 1558 1209 1592 2.
1237 1554 1298 1593 ed.
1323 1552 1448 1594 Basil.
1469 1559 1617 1597 tertius.

250 1631 299 1655 ac
317 1629 535 1670 parenstam.
583 1619 709 1658 Amb.
741 1626 778 1660 1.
809 1619 915 1659 Flor.
947 1635 996 1658 ac
1014 1623 1250 1673 parentium.
1356 1622 1615 1664 solitudinem,

161 1679 286 1722 Amb.
310 1689 346 1723 1.
369 1684 476 1725 Flor.
498 1685 587 1726 Par.
614 1693 649 1728 1.
669 1693 708 1728 2.
731 1701 890 1741 quoque
911 1685 1227 1728 sollicitudinem.

279 1762 317 1812 §.
351 1768 416 1803 19.
475 1776 670 1806 maneant.
721 1764 857 1806 Guelf.
883 1776 1076 1805 moneant.
1136 1763 1258 1805 Goth.
1279 1779 1444 1808 moneat.
1554 1785 1618 1809 eos

163 1829 242 1882 qui.
290 1828 359 1869 Sic
384 1833 505 1870 etiam
523 1831 649 1874 Amb.
676 1839 713 1874 1.
734 1832 841 1873 Flor.
939 1835 1109 1873 inimicis
1130 1836 1281 1873 animus
1293 1834 1439 1892 fuerit.
1488 1833 1615 1876 Aan.

165 1900 202 1936 1.
225 1898 587 1956 inimicusficerit.

275 1977 311 2028 §.
343 1983 412 2018 20.
473 1978 527 2018 acl
543 1979 728 2036 fortiter.
789 1979 896 2020 Flor.
938 1978 1079 2033 Camp.
1095 1979 1141 2036 f
1172 1979 1237 2021 ad.
1346 1981 1615 2035 judicandum.

163 2039 301 2083 Turio.
323 2059 345 2083 a
366 2061 425 2098 pr.
450 2062 505 2086 m.
534 2047 849 2101 adjudicandum.
957 2058 1013 2086 est
1043 2050 1170 2086 etiam.
1221 2047 1343 2089 Goth.
1362 2064 1442 2089 om.
1464 2060 1532 2089 est.

163 2126 209 2149 ea
230 2127 330 2165 qnae
350 2116 541 2154 omittunt
562 2125 600 2154 et
617 2113 738 2155 Amb.
767 2120 804 2154 1.
822 2113 854 2153 F
855 2117 928 2155 lor.
1042 2131 1088 2153 ne
1108 2118 1207 2168 sign.
1261 2115 1397 2157 Guelf.
1421 2134 1489 2157 nec
1508 2121 1614 2172 sign.

251 2179 300 2217 ab
330 2181 442 2234 ipsis.
501 2181 610 2222 Flor.
642 2197 804 2237 quoque
838 2193 879 2221 ut
910 2185 1031 2237 ipsis,
1081 2183 1150 2223 sed
1182 2198 1204 2222 a
1229 2199 1306 2224 sec.
1337 2199 1391 2225 m.
1429 2201 1474 2224 ne
1504 2188 1613 2240 ipsis.

162 2241 283 2284 Amb.
309 2252 347 2286 1.
371 2265 416 2286 ne
438 2251 574 2303 ipsius.
663 2266 810 2289 usurus.
856 2248 887 2289 F
890 2253 963 2290 lor.
987 2266 1090 2291 usus.
1174 2268 1321 2306 quoque
1339 2254 1505 2293 interim.
1547 2253 1616 2295 Sic

164 2314 287 2351 etiam
305 2312 430 2355 Amb.
459 2321 495 2357 1.
524 2331 546 2356 a
565 2332 641 2358 sec.
661 2332 716 2358 m.
744 2332 862 2372 super
880 2320 1056 2359 lituram.
1175 2318 1416 2373 respondere.
1477 2317 1615 2363 Guelf.

165 2380 402 2434 responderi.

277 2462 314 2513 §.
345 2466 412 2502 21.
472 2466 667 2503 certatim.
728 2461 866 2516 Camp.
896 2465 1046 2504 certati.

277 2541 312 2591 §.
345 2546 411 2581 22.
469 2545 697 2596 suscepisse.
747 2541 854 2581 Flor.
876 2545 1140 2597 suscepisscm;
1240 2541 1415 2598 aliquod.
1471 2543 1610 2597 Camp0

164 2603 324 2657 aliquid.
410 2608 518 2647 Jusrc
539 2614 652 2650 enim.
700 2608 834 2650 Etiam
855 2607 978 2650 Amb.
1004 2615 1039 2649 1.
1064 2619 1102 2648 et
1124 2610 1232 2649 Flor.
1255 2626 1276 2649 a
1297 2626 1373 2651 sec.
1396 2627 1450 2650 m.
1468 2613 1611 2664 justius

165 2688 193 2711 c.
210 2703 220 2723 ‚
263 2687 283 2711 a
310 2688 366 2726 pr.
385 2689 437 2716 m.
462 2679 579 2728 justis
607 2695 637 2716 e.
751 2674 853 2716 aliis.
905 2668 972 2718 Sic
1003 2679 1124 2720 etiam
1150 2675 1257 2718 Flor.
1369 2674 1606 2736 Ref'crcnda.
