1775 3091
192 219 271 255 306
632 210 903 266 Supplemenm
934 211 1194 249 annotationis

190 337 276 368 nat.
305 328 412 367 deor.
444 328 675 367 auctoritate
712 338 806 363 usus
835 321 1015 363 Turnebi
1044 332 1084 362 et
1115 320 1306 362 Lambini
1336 321 1385 362 ad
1416 319 1501 363 Cio.
1533 320 1637 377 Top-

195 412 229 436 ο.
263 395 335 447 7.]

309 464 345 515 §.
379 466 446 504 35.
506 458 687 514 quidest.
746 458 836 499 Par.
862 462 899 498 1.
930 472 1010 498 om.
1043 467 1112 498 est.
1169 456 1277 497 Flor.
1307 456 1481 512 quidem,
1519 471 1638 498 asec.

194 547 250 572 1116
279 530 458 586 quodque
477 542 547 580 pro
570 543 733 581 quoque.
819 525 913 581 quisi
941 536 997 564 est
1017 536 1173 565 natura.
1225 524 1292 565 Sic
1317 529 1436 563 etiam
1454 524 1579 564 Amb.
1601 530 1640 564 1.

276 598 381 652 plur.
402 620 457 626 ——
478 605 548 634 cst.
599 592 738 647 Camp.
770 594 882 634 cond.
913 604 967 632 est
994 593 1100 648 plur.
1148 591 1275 632 Amb.
1306 597 1343 632 1.
1368 596 1487 632 etiam
1508 592 1643 631 condi·-

196 665 368 706 cendum.
481 664 622 701 minus.
680 661 748 701 Sic
776 665 897 701 etiam
923 660 1050 701 Amb.
1073 667 1109 702 1.
1139 659 1247 700 Flor.
1365 659 1446 700 Cic.
1467 684 1523 691 ——
1541 662 1642 713 ipsa.

194 731 315 773 Amb.
347 736 385 770 1.
412 729 518 769 Flor.
555 732 677 769 etiam
709 728 752 770 C.
784 730 879 768 haec
910 732 998 783 ipsa
1027 728 1153 779 male,
1202 730 1280 767 nisi
1307 728 1416 782 quod
1442 726 1569 768 Amb.
1604 732 1642 766 1.

194 800 316 839 mala.
377 797 489 838 Sich.
529 795 570 837 C.
604 796 704 835 male
730 799 770 836 in
804 797 879 836 Ιιαο
909 799 1007 850 ipsa.
1126 795 1285 849 legibus.
1350 794 1486 834 Turio.
1514 793 1643 842 Flor.,

194 877 359 920 uterque
385 880 408 905 a
426 881 484 919 pr.
505 880 580 916 m„
614 863 788 917 legimus.
902 863 998 904 His.
1045 862 1172 903 Amb.
1197 868 1234 902 1.
1268 862 1346 901 liic.
1445 861 1642 900 habendus

194 932 347 972 modas.
395 932 518 972 Aan.
541 938 580 972 1.
601 931 710 972 Flor.
733 934 855 972 etiam
874 931 1070 971 habendus
1092 933 1177 969 istis
1197 929 1345 969 modus.
1414 927 1492 984 [Iu
1519 931 1647 982 praef.

195 999 294 1041 Vol.
319 998 361 1039 Π
377 1015 467 1053 pag.
492 997 558 1040 Ἦ
583 1002 637 1039 sic
658 1001 834 1039 ordinari
868 1008 1025 1040 textum
1054 999 1233 1038 debuisse
1255 997 1511 1051 Spaldingius
1541 998 1649 1049 judi-

195 1077 283 1109 cat:
310 1067 352 1108 Is
373 1078 500 1108 tamen
521 1067 717 1108 habendus
739 1070 826 1107 istis
848 1065 1030 1119 modus]
1130 1068 1222 1106 sint.
1269 1063 1395 1107 Goth.
1415 1067 1483 1106 sit.

746 1548 928 1594 L1B.
1011 1546 1104 1593 VI.

561 1699 1291 1743 PROOEMIUM.

316 1815 354 1865 §.
388 1819 426 1854 1.
486 1812 604 1854 Haec
635 1814 834 1854 Imm-celle
869 1812 980 1854 Vici.
1038 1812 1159 1854 Amb.
1193 1820 1231 1855 1.
1279 1812 1419 1867 Camp.
1460 1815 1555 1856 haec
1583 1816 1651 1858 M.

206 1885 377 1923 Victori.
434 1880 549 1922 Alm.
592 1885 722 1921 omitt.
760 1882 970 1923 Marcelle.
1088 1898 1142 1922 eae
1178 1894 1245 1921 tuci
1273 1882 1482 1923 voluntate.
1543 1884 1654 1926 Flor.

205 1951 345 2003 Camp.
380 1966 434 1989 ex
459 1949 536 1989 vol.
559 1945 590 1989 t.'
637 1949 741 1990 Jens.
772 1948 873 1990 Loc.
905 1949 1014 1990 Ven.
1041 1950 1087 1989 de
1108 1967 1179 1989 sua
1198 1950 1407 1990 voluntate.
1523 1955 1651 1994 etiam.

205 2016 271 2056 Sic
296 2020 416 2056 etiam
447 2015 568 2063 Amb.
596 2022 630 2057 1.
653 2017 761 2057 Flor.
864 2021 1081 2072 respiciens.
1137 2018 1246 2058 Flor.
1277 2034 1437 2073 quoque
1460 2036 1652 2074 respuens.

287 2089 369 2139 qui.
418 2084 553 2124 Etiam
580 2084 706 2124 Amb.
732 2090 767 2124 1.
798 2084 908 2125 Sich.
933 2085 1047 2140 quod.
1105 2085 1195 2126 Par.
1224 2091 1261 2126 1.
1293 2103 1402 2140 quae.
1518 2087 1655 2126 solici-

206 2162 300 2191 mm.
353 2151 480 2192 Amb.
507 2159 543 2193 1.
568 2152 705 2193 Turio.
726 2169 749 2192 a
773 2169 830 2205 pr.
852 2168 908 2193 m.
930 2153 1117 2193 sollicita.
1219 2153 1473 2207 diligendam.
1523 2154 1651 2196 Aan.

211 2225 247 2258 1.
271 2218 487 2273 diligentia.
570 2220 686 2277 fata.
735 2219 870 2260 Tul-ic.
893 2220 998 2261 Flor.
1015 2253 1024 2271 ‚
1057 2231 1223 2276 uterque
1248 2237 1269 2260 a
1287 2238 1345 2275 pr.
1368 2237 1424 2261 m.

322 2289 356 2338 ᾧ.
387 2293 426 2328 2.
486 2288 561 2328 At.
616 2287 751 2328 Turio.
786 2303 809 2327 a
842 2304 900 2341 pr.
935 2305 990 2328 m.
1018 2288 1083 2328 acl.
1200 2305 1306 2328 meae
1333 2289 1492 2329 morial.
1545 2288 1652 2331 Flor.

210 2354 348 2408 Camp.
377 2357 560 2395 ordinem
588 2366 759 2395 mutant.
870 2356 1001 2397 Illum.
1057 2356 1183 2397 Amb.
1209 2362 1246 2397 1.
1277 2372 1436 2412 quoque
1455 2356 1567 2398 illud.

210 2433 347 2462 senec-t.
375 2441 452 2477 rep.
500 2423 566 2464 Sic
591 2428 709 2464 eriam
730 2423 854 2464 Amb.
880 2430 916 2464 1.
941 2424 1223 2483 Flor4Cervic.
1312 2428 1481 2479 repetito.
1518 2423 1655 2479 Camp-

210 2493 384 2544 repetita.

324 2561 358 2607 ξ.
385 2563 423 2598 3.
483 2560 788 2613 reprobantibus.
829 2559 964 2601 Turio.
977 2562 1304 2616 reprobantibus.
1332 2559 1457 2601 Ajnb.
1474 2563 1511 2600 1.
1529 2556 1652 2598 Goth·

211 2621 327 2663 Voss.
348 2631 387 2665 2.
411 2626 523 2667 Vall.
551 2629 861 2681 repugnantibus.
970 2633 1091 2669 emisi.
1143 2630 1279 2669 Turio.
1310 2628 1417 2668 Flor.
1432 2656 1444 2675 ,
1486 2634 1652 2677 uterque

215 2705 235 2726 a
262 2706 319 2741 pr.
349 2707 427 2740 m.,
468 2695 651 2744 admissi,
700 2712 722 2735 a
752 2712 828 2736 sec.
862 2711 915 2736 m.
948 2713 1039 2736 cum
1062 2697 1176 2738 Alm.
1203 2699 1347 2737 amissi.
1397 2694 1503 2736 Jens·
1526 2689 1650 2732 Tarv-
