1775 3091
375 256 427 296 all
459 256 621 310 Quintil.
653 254 780 295 Iustit.
825 255 876 303 ῙῙ,
913 263 947 295 1.
982 258 1013 310 ξ.
1054 262 1138 295 1—
1161 263 1217 297 12.
1495 263 1545 299 71

213 374 246 425 ξ.
278 374 317 413 5.
378 372 436 409 vis
465 369 676 424 eloquendi.
736 371 858 408 virtus
888 369 984 425 οἶοι).
1017 370 1144 421 Obr.;
1186 379 1381 424 receptam
1412 379 1546 411 tuetur

100 439 223 479 Amb.
254 445 290 479 1.
351 438 428 492 loq.
468 436 606 490 Camp.
727 453 850 491 opere.
919 455 1058 493 operae
1097 440 1187 479 edd.
1231 441 1385 493 aliquot
1425 447 1543 487 vett,

100 523 121 546 e
169 509 310 562 quibus
356 506 465 547 Jens.
516 504 637 545 Tarv.
685 503 810 554 Bad.,
870 521 951 547 non
996 507 1119 558 Obr.‚
1178 515 1223 547 ut
1262 509 1362 547 falso
1410 517 1545 548 narrat

98 574 239 614 Bur-m.

211 644 243 696 ᾗ.
277 647 315 680 6.
375 639 462 679 Nec
491 640 713 696 irficiabor.
772 639 906 695 Neque
934 640 1009 696 itys.
1046 639 1171 682 Amb0
1193 646 1230 682 1.
1261 640 1399 682 Turio.
1430 641 1543 683 Alm.

96 708 203 749 Flor.
237 707 372 749 Guelf.
405 707 543 761 Camp.
572 706 673 748 Ald.
787 724 842 747 ex
868 710 917 747 iis
939 707 1120 762 aliquem.
1176 708 1231 750 al.
1251 726 1306 750 ex
1326 710 1387 750 his
1414 709 1543 751 Amb.

102 784 138 817 1.
163 784 201 818 2.
234 775 370 816 Turio.
402 775 516 816 Alm.
547 776 654 817 Flor.
689 773 825 816 Guelf.
856 785 896 817 et
924 776 1014 815 edd.
1047 786 1138 816 ante
1165 776 1265 818 Ald.
1324 777 1379 819 al.
1411 794 1466 817 ex
1495 780 1547 817 iis

98 844 222 885 Goth.
261 853 299 883 et
337 852 428 883 cett.
468 845 559 884 edd.
592 853 683 883 ante
715 841 870 898 Gryph.
982 846 1242 899 profiteantur
1271 848 1392 887 etiam
1418 845 1544 886 Aan.

98 920 136 954 2.
184 913 308 953 Paris.
349 917 386 951 1.
417 917 456 952 2.
491 916 528 952 5.
563 916 601 951 6.
645 909 784 964 Camp.
829 911 919 950 edd.
953 921 1044 951 ante
1075 910 1231 968 Gryph.
1345 917 1547 954 scientiae.

96 983 260 1020 scientia.
294 978 421 1030 Obr.‚
471 994 554 1018 non
586 979 851 1031 adstipulante
880 978 1005 1018 Amb.
1033 985 1071 1020 1.
1186 992 1228 1020 ut
1256 981 1310 1021 ad
1338 982 1448 1022 haec.
1506 992 1548 1020 ut

97 1060 129 1087 ci
162 1049 257 1087 haec
287 1046 424 1086 Turic.
453 1061 475 1085 a
504 1062 561 1099 pr.
593 1061 648 1085 m.
682 1045 790 1085 Flor.
821 1061 844 1085 a
870 1062 929 1099 pr.
961 1062 1018 1087 m.
1119 1047 1245 1103 fimg.
1279 1050 1351 1105 <ff
1382 1048 1522 1103 Camp.

212 1118 244 1169 ᾗ.
273 1120 313 1155 7.
372 1116 604 1167 quaerimus.
663 1129 887 1167 quaeremus
915 1112 1052 1153 Turio.
1084 1129 1177 1153 cum
1202 1115 1318 1157 Alm.
1429 1134 1551 1172 prae-

96 1185 204 1237 cipit.
260 1183 455 1236 praecepit
488 1178 623 1219 Guelf.
653 1194 747 1219 cum
775 1179 885 1220 Jens.
916 1178 1037 1219 Tarv.
1067 1179 1176 1221 Ven,
1201 1180 1314 1223 Gibs.
1427 1184 1473 1223 id
1493 1195 1551 1224 est

95 1253 247 1289 aestim.
306 1259 360 1287 est
390 1250 519 1286 omitt.
549 1245 676 1287 Amb.
704 1251 742 1286 1.
846 1248 982 1302 finiri.
1029 1249 1156 1302 finire
1183 1247 1322 1290 Tmic.
1354 1265 1376 1289 a
1402 1266 1461 1304 pr.
1492 1267 1548 1292 m.

92 1318 203 1358 Flor.
233 1315 349 1356 Ahn.
379 1314 506 1356 Amb.
530 1320 569 1356 2.
599 1313 721 1356 Voss.
744 1319 782 1355 1.
841 1314 1003 1370 dqfinire
1030 1314 1130 1356 Tur.
1162 1331 1186 1356 a
1213 1333 1293 1359 sec.
1318 1332 1376 1359 m.
1434 1318 1477 1356 cli
1528 1341 1552 1350 -

95 1389 179 1426 nire
207 1383 347 1438 Camp.

211 1454 245 1507 ᾗ.
276 1457 316 1492 8.
373 1450 576 1490 suasorias
608 1460 864 1505 prorogatur.
926 1448 989 1492 Ita
1026 1454 1148 1492 etiam
1182 1451 1292 1493 Flor.
1333 1467 1356 1493 a
1391 1467 1453 1507 pr.
1489 1466 1547 1493 m.

93 1521 219 1564 Amb.
241 1526 281 1562 2.
311 1518 437 1560 Paris.
464 1523 501 1558 1.
525 1523 566 1558 2.
589 1519 688 1559 3.-4.
722 1517 888 1573 Camp.;
919 1522 1065 1560 retinet
1096 1528 1234 1560 tamen
1261 1523 1433 1574 glossam
1462 1520 1552 1560 edi-

93 1594 253 1631 tionum
288 1585 415 1627 Amb.
450 1591 488 1627 1.
529 1600 623 1626 cum
657 1585 767 1626 Flor,
808 1602 831 1626 a
867 1602 924 1627 m.
953 1603 1036 1629 rec.
1147 1587 1196 1628 Si
1224 1588 1370 1630 rhetor.
1427 1587 1487 1630 At
1515 1589 1554 1628 si

94 1658 193 1696 rhet.
222 1655 332 1696 Flor.
361 1653 486 1694 Amb.
512 1660 550 1695 1.
580 1652 681 1694 AJd.
714 1652 828 1694 Sich.
860 1653 993 1695 Gonu.
1111 1659 1238 1711 operis
1257 1659 1319 1696 sui
1342 1656 1416 1712 qffi
1474 1655 1551 1712 qffi

95 1742 159 1780 op.
189 1726 254 1763 sui
282 1721 406 1762 Aan.
431 1727 468 1762 1.
491 1727 531 1763 2.
568 1720 708 1762 Turio.
744 1721 855 1763 Flor.
898 1721 1038 1776 Camp.
1068 1732 1108 1763 et
1138 1725 1231 1765 edd.
1260 1733 1425 1778 posterr.
1456 1732 1552 1765 ante

96 1791 254 1847 Gryph.
370 1801 535 1830 recusat.
595 1799 742 1829 recuset
773 1788 900 1841 Obr.;
944 1791 1015 1829 sed
1042 1790 1170 1831 ΑΒΗ).
1193 1796 1231 1831 1.
1262 1801 1308 1831 ut
1325 1794 1464 1844 vulgo.

95 1862 244 1900 statim.
300 1857 432 1898 standi
459 1856 597 1896 'Tm-ic.
629 1870 723 1895 cum
749 1855 859 1896 Flor.
887 1870 909 1895 a
938 1872 999 1909 pr.
1029 1872 1086 1898 m.
1122 1866 1162 1898 et
1187 1856 1304 1900 Alm.
1361 1856 1410 1898 Iu
1437 1857 1550 1899 Flor.

97 1931 151 1968 al.
180 1942 290 1966 man.
324 1927 529 1978 apposuit:
571 1922 636 1962 vel
648 1922 779 1980 fandi
806 1922 870 1962 vel
895 1925 1043 1965 statim.

211 1996 245 2048 ᾗ.
282 1999 322 2034 9.
390 1991 578 2032 dicerent,
647 1991 746 2031 disc.
791 1993 907 2031 solito
953 2007 1082 2032 errore
1126 1991 1264 2034 Turio.
1312 2007 1336 2032 a
1372 2008 1453 2033 sec.
1490 2006 1549 2036 m.

97 2061 239 2114 Camp.
355 2062 472 2100 citra.
532 2062 643 2099 circa
672 2061 794 2098 etiam
820 2056 930 2100 Flor.
963 2074 986 2098 a
1014 2075 1075 2113 pr.
1105 2075 1161 2101 m.
1189 2059 1317 2101 Amb.
1341 2067 1381 2102 2.
1406 2058 1550 2114 Camp.

211 2131 244 2183 ξ.
279 2132 345 2167 10.
408 2126 513 2179 Quid
541 2138 621 2167 aut.
652 2137 707 2165 cst
736 2141 805 2165 ex.
866 2136 921 2164 est
950 2130 1078 2167 omitt.
1110 2130 1231 2167 etiam
1267 2127 1379 2169 Jens.
1493 2144 1551 2168 ex

97 2199 161 2237 iis.
220 2211 275 2235 ex
306 2195 366 2234 his
392 2192 519 2234 Amb.
542 2200 580 2235 1.
604 2201 645 2235 2.
675 2192 814 2234 Turio.
847 2191 971 2234 Goth.
1004 2192 1140 2235 Guelf.
1174 2194 1314 2249 Camp.
1344 2195 1457 2237 Sich.

98 2275 178 2303 tum
209 2266 248 2303 in
277 2262 374 2302 alia.
433 2278 518 2301 cum
548 2265 588 2301 in
618 2261 672 2302 al.
702 2260 840 2301 Turio.
870 2260 979 2301 Flor.
1000 2260 1126 2303 Amb.
1149 2268 1190 2303 2.
1213 2261 1338 2304 Goth.
1365 2262 1485 2304 Voss.
1509 2269 1550 2304 2.

101 2330 240 2382 Camp.
280 2328 380 2369 Ald.
432 2327 564 2370 Colin.
622 2327 779 2384 Gryph.
827 2327 930 2369 Obr.
973 2332 1064 2370 fort.
1102 2328 1229 2371 Amb.
1264 2334 1304 2371 1.
1370 2346 1457 2371 cum
1495 2329 1552 2371 al.

102 2396 239 2438 Guelf.
352 2396 448 2435 rhet.
477 2399 657 2451 propria.
712 2413 777 2451 pr.
809 2396 906 2437 rhet.
934 2396 1060 2437 Aan.
1086 2402 1124 2437 1.
1237 2396 1302 2437 vel
1325 2396 1553 2452 plurimum.

102 2464 170 2505 Sic
197 2463 322 2504 Paris.
345 2468 385 2503 2.
407 2468 447 2502 3.
505 2463 567 2503 vel
596 2464 670 2504 hoc
695 2462 801 2518 plur.
830 2462 955 2504 Paris.
978 2468 1016 2505 5.
1073 2465 1147 2505 lzoc
1173 2464 1279 2520 plur.
1306 2464 1431 2505 Paris.
1453 2469 1492 2504 1.

217 2533 250 2585 §-
282 2536 350 2570 11.
407 2529 502 2569 Non
540 2530 640 2571 laus.
700 2530 839 2570 Nonne
879 2530 907 2572 Ζ.
949 2530 1072 2572 Goth.
1110 2531 1236 2572 Paris.
1265 2536 1303 2571 1.
1342 2530 1482 2585 Camp.
1513 2539 1553 2571 et

103 2599 194 2639 edd.
225 2607 390 2652 posterr.
422 2608 512 2637 aute
542 2598 680 2650 Sich.,
724 2613 806 2638 acc.
838 2596 970 2639 Colin.
1002 2598 1103 2640 Obr.
1162 2597 1383 2651 Receptam
1411 2598 1552 2638 defen-

106 2668 208 2708 dunt
235 2665 360 2706 Amb.
385 2670 423 2705 1.
455 2664 592 2705 Turio.
624 2681 646 2705 a
674 2682 733 2720 pr.
764 2682 823 2707 m.
849 2664 958 2707 Flor.
990 2682 1011 2705 a
1041 2682 1100 2720 pr.
1131 2681 1186 2706 m.
1219 2664 1356 2706 Guelf-

219 2736 254 2788 ξ.
287 2739 352 2776 12.
413 2743 454 2773 ut
483 2735 546 2774 iis.
605 2731 665 2775 Ita
707 2736 827 2775 etiam
866 2732 1003 2776 Turio.
1035 2732 1159 2775 Amb.
1181 2739 1219 2776 2.
1251 2732 1360 2775 Jens.
1393 2742 1432 2774 et
1461 2732 1553 2772 edd.
