1775 3091
229 247 280 283 96
664 244 933 299 Supplcmenta
972 249 1231 287 annotationis

341 358 378 408 §.
410 359 448 398 4.
509 356 655 397 Verum
688 361 740 397 in.
804 356 949 398 Verum
979 359 1020 398 inl
1048 362 1088 398 in.
1117 358 1237 400 Amb.
1262 366 1299 401 1.
1332 376 1354 401 a
1376 377 1452 402 sec.
1479 378 1558 415 m.3
1590 366 1660 404 sed

227 424 256 463 d
282 433 339 464 est
369 440 390 464 a
409 441 467 478 pr.
489 440 540 463 m.
569 427 814 478 profectum,
867 436 906 466 et
935 430 949 465 i
985 430 1028 465 in
1057 430 1144 467 loco
1176 431 1328 469 litterae
1363 433 1522 470 abrasae
1553 435 1661 484 posi-

224 501 325 532 tum.
440 510 513 532 non
553 496 622 532 sic.
692 509 768 531 non
791 495 849 548 fit
884 505 1039 548 praeter
1060 507 1317 536 *memoratos
1359 498 1511 537 habent
1552 498 1658 539 Flor.

223 558 350 600 Amb.
375 566 411 600 1.
432 567 470 600 2.
502 560 622 599 Paris.
644 566 682 599 1.
706 566 745 600 2.
768 565 806 601 5.
841 560 977 615 Camp.
1038 579 1113 601 non
1132 566 1190 602 sic
1219 568 1369 617 primus
1386 565 1496 604 dedit
1528 564 1660 607 Coh'n.

307 627 370 666 Ne
396 645 514 682 pugn.
573 628 660 667 Hoc
693 629 869 668 defendit
896 631 1017 669 Amb.
1043 634 1102 681 1.;
1143 635 1263 670 ceteri
1290 635 1470 672 silentur.
1569 632 1661 687 plu-

227 697 348 734 rimis.
406 694 536 733 multis
562 694 669 735 Jens.
700 695 820 736 Tarv.
842 693 942 736 Loc.
964 695 1100 748 Ven.,
1142 700 1281 751 codex,
1308 710 1503 754 quantum
1528 702 1660 750 video,

223 766 372 801 nullus.
485 764 521 800 si
550 762 733 817 physicos
773 763 975 818 (physicos
1013 761 1135 805 Paris.
1171 772 1207 806 1.
1239 773 1276 807 2.
1305 765 1386 822 5.)
1447 778 1504 818 et,
1552 767 1663 822 quod

222 833 373 868 multae
402 830 491 869 edd.
522 833 723 882 inserunt,
765 846 844 871 om.
873 834 994 870 etiam
1023 830 1159 873 Turio.
1182 832 1290 874 Flor.
1310 833 1436 874 Amb.
1454 840 1493 874 2.
1518 833 1659 887 Camp.

223 896 324 938 Obr.
380 896 632 952 philosophos
656 899 807 938 habent
830 901 949 937 etiam
968 898 1075 939 Flor.
1097 898 1223 939 Amb.
1246 907 1286 941 2.
1310 900 1433 941 Paris.
1456 903 1495 941 4.
1520 901 1660 955 Camp.

219 962 353 1004 Andr.
385 963 506 1005 Tarv.
538 969 643 1006 Ven.
673 965 773 1006 AJd.
806 964 934 1018 Obr.;
985 966 1112 1007 Amb.
1146 972 1182 1006 1.
1214 970 1292 1007 ita:
1332 985 1370 1007 n.
1402 984 1437 1007 c.
1469 979 1504 1007 et
1532 968 1664 1023 philo-

219 1032 383 1085 sophos,
431 1035 535 1073 illud
564 1047 658 1073 cum
687 1033 798 1074 Sich.
830 1032 958 1074 Stoer.
993 1032 1161 1074 Chouet.
1222 1034 1452 1090 [Equidem
1481 1034 1663 1075 Ambro-

218 1102 321 1139 siani
357 1102 499 1152 optimi
535 1105 772 1155 scripturam
800 1103 885 1141 sine
914 1102 1035 1141 dubio
1066 1105 1341 1156 probaverim,
1389 1119 1485 1143 nam
1512 1104 1662 1157 duplex

217 1169 294 1206 ista
330 1167 496 1220 protasis
531 1172 818 1221 particularum
850 1171 886 1207 si
917 1178 956 1208 et
986 1186 1092 1218 cum,
1141 1174 1371 1224 praesertim
1399 1181 1559 1225 propter
1589 1172 1663 1210 ad·-

218 1235 348 1274 ditum
398 1234 559 1290 denique
607 1240 822 1276 molestum
865 1240 1018 1292 aliquid
1059 1239 1197 1288 habet,
1249 1239 1359 1293 quod
1397 1242 1551 1278 tollitur
1591 1239 1662 1277 ubi

216 1305 389 1356 priorem
438 1307 759 1344 enuntiationem
810 1314 1018 1360 tamquam
1067 1309 1344 1360 probationem
1383 1309 1660 1359 exemplorum

214 1373 445 1423 praegressis
487 1372 736 1423 adjunxeris,
788 1382 827 1412 et
867 1388 1018 1413 novam
1045 1377 1288 1414 sententiam
1318 1390 1339 1414 a
1370 1389 1466 1413 voce
1497 1373 1661 1426 denique

215 1438 467 1490 institueris]
584 1441 644 1479 his
664 1440 892 1480 nominibus.
954 1457 1054 1481 nom.
1079 1441 1139 1481 his
1169 1439 1304 1482 Turio.
1335 1440 1442 1481 Flor.
1472 1439 1596 1481 Amb.
1619 1444 1658 1479 1.

218 1502 348 1544 Guelf.
389 1504 510 1547 Goth.
555 1506 695 1561 Camp·
735 1505 835 1548 AJd.
869 1506 1023 1563 Grypb.

328 1573 365 1622 §.
399 1577 437 1613 5.
497 1577 570 1626 sic,
593 1585 646 1614 ui.
696 1586 737 1613 ut
758 1591 832 1615 om.
854 1575 959 1616 Flor.
981 1576 1146 1616 Voss.1.
1206 1577 1305 1615 sicut
1325 1575 1459 1615 Turic.
1480 1574 1597 1615 Voss.
1618 1580 1656 1615 3.

302 1639 507 1681 dividetur.
558 1641 753 1681 dividitur
770 1642 896 1683 Amb.
921 1649 957 1683 1.
1072 1644 1156 1682 Ars
1174 1646 1257 1682 erit.
1296 1643 1351 1682 A.
1377 1652 1431 1680 est
1458 1642 1597 1696 Camp.

211 1711 397 1762 percipis
440 1711 619 1763 praecipi
639 1709 747 1749 Jens.
771 1709 892 1750 Tarv.
914 1710 1013 1751 Ald.
1103 1728 1147 1749 ea
1168 1721 1236 1749 est.
1288 1720 1322 1747 et
1342 1726 1385 1748 ea
1407 1721 1461 1748 est
1478 1712 1599 1749 Amb.
1615 1716 1653 1751 1.

295 1778 480 1829 percepit.
513 1775 579 1815 Sic
591 1773 712 1816 Amb.
727 1783 765 1816 2.
787 1776 960 1818 Paris.4.
983 1783 1021 1818 5.
1045 1781 1171 1819 Stoer.
1215 1780 1388 1832 percipit
1405 1776 1496 1829 I'ar.
1512 1783 1599 1817 1.2.
1616 1782 1655 1817 3.

295 1842 425 1900 (Educ.
487 1842 572 1882 decl.
606 1842 728 1885 Goth.
756 1841 889 1886 Guelf.
914 1845 1030 1886 Voss.
1059 1851 1097 1886 1.
1121 1851 1159 1886 3.
1184 1860 1276 1886 cum
1295 1844 1402 1885 Jens.
1423 1843 1522 1885 Loc.
1544 1844 1654 1885 Ven.

763 1967 795 2009 C
828 1983 856 2009 A
887 1985 925 2010 P.
994 1967 1106 2010 XV.

325 2048 360 2100 §.
398 2052 434 2087 1.
500 2046 618 2087 Circa
646 2046 731 2086 hoe.
796 2046 914 2087 Circa
947 2048 1042 2087 haec
1073 2046 1192 2088 Goth.
1222 2063 1314 2088 cum
1342 2048 1450 2088 Jens.
1484 2057 1523 2087 et
1552 2056 1653 2100 post.

210 2125 300 2155 ante
343 2114 498 2163 Colin.,
541 2131 629 2155 exc.
669 2113 764 2155 AM,
902 2132 950 2155 ae
987 2132 1120 2170 praee.
1191 2127 1306 2171 atque
1342 2132 1474 2170 praee.
1515 2114 1676 2154 Turio..

207 2182 332 2223 Amb.
359 2188 396 2223 1.
433 2182 572 2236 Camp.
1095 2235 1103 2242 .

322 2252 359 2301 §.
392 2257 429 2291 2.
491 2251 715 2305 dijunctam.
773 2248 835 2290 Ita
866 2250 979 2290 haud
1009 2251 1127 2290 dubie
1166 2249 1302 2289 Turio.
1337 2259 1375 2289 et
1403 2249 1535 2301 Flor.‚
1584 2251 1655 2304 qui

206 2321 396 2370 silentur3
452 2319 575 2359 habet
625 2323 734 2358 enim
781 2317 897 2358 Alm.
967 2316 1083 2357 Idem
1128 2318 1291 2359 Pottier.
1331 2319 1451 2357 tradit
1489 2333 1570 2357 esse
1609 2321 1654 2356 in

204 2384 327 2426 Paris.
359 2393 398 2426 2.
433 2391 471 2426 3.
531 2387 765 2439 disjunctam
797 2384 918 2426 Amb.
959 2392 996 2425 1.
1039 2384 1180 2439 Camp.
1214 2386 1322 2426 Jens.
1356 2394 1395 2424 et
1424 2394 1524 2437 post.
1559 2392 1652 2427 ante

204 2451 314 2492 Sich.
372 2457 440 2507 scj.
471 2453 594 2494 Paris.
617 2460 655 2494 1.
689 2453 800 2494 Sich.
833 2451 902 2493 Gr.
935 2463 973 2492 et
1000 2456 1081 2492 alii.

319 2524 356 2571 §.
391 2528 428 2561 3.
487 2525 530 2560 ίη
562 2521 737 2561 (licendo.
797 2523 837 2558 in
876 2520 961 2559 (loe.
1006 2519 1143 2559 Turio.
1175 2518 1291 2558 Alm.
1324 2517 1430 2558 Flor.
1461 2516 1583 2557 Amb.
1614 2523 1647 2550 9.

202 2585 318 2627 Voss.
342 2594 377 2628 1.
401 2594 437 2627 3.
473 2588 614 2643 Camp.
645 2589 754 2629 Jens.
787 2597 825 2627 et
851 2597 951 2640 post,
985 2597 1077 2626 ante
1105 2586 1232 2637 Ald.,
1274 2589 1389 2626 solito
1420 2592 1557 2624 ertum·

206 2652 393 2702 GPPOSife·
453 2667 582 2704 apen-sp
614 2661 735 2696 etialn
762 2654 887 2695 Alnb.
912 2661 951 2696 2.
985 2654 1106 2692 Paris.
1132 2659 1168 2691 1,
1193 2660 1227 2687 3.
1254 2653 1359 2686 W'en.
1420 2654 1508 2697 apte
1528 2659 1646 2697 prae-

203 2725 263 2755 ter
301 2726 538 2757 memoratos
576 2717 681 2758 Flor.
720 2717 843 2758 Paris.
871 2722 911 2758 2.
958 2715 1097 2769 Camp.
1139 2712 1239 2755 Loc.
1281 2711 1382 2755 Bad.
1416 2710 1517 2752 Obr.
1551 2713 1642 2753 fort.
