1775 3091
224 246 305 283 288
437 267 441 274 =
662 241 935 298 Supplcmenta
962 244 1230 294 ‘annotationis

307 354 419 396 cond.
443 365 514 395 est.
561 353 629 395 Sic
661 355 780 392 etiam
804 351 911 394 Flor.
1027 357 1149 396 ratio.
1193 353 1330 396 Turio.
1361 354 1501 410 Camp.
1529 359 1649 397 omit-

223 431 326 463 tunt.
437 425 546 477 petit.
600 420 737 463 Turio.
768 418 906 474 Camp.
937 419 1028 461 dici.
1137 425 1421 464 sententiarum.
1466 423 1590 464 Amb.
1610 430 1650 465 2.

221 493 483 530 scieniiamm.
566 488 671 527 verb.
693 489 816 543 etflg.
868 487 1007 542 Camp.
1025 504 1063 529 v.
1083 501 1150 528 aut
1163 490 1209 548 f

333 560 369 609 §.
397 564 438 598 2.
494 558 685 595 mitiores.
730 555 855 596 Aan.
879 561 916 596 1.
938 559 1118 597 minores.
1206 575 1352 613 semper
1372 569 1442 599 est.
1489 557 1596 598 Flor.
1618 574 1651 598 e.

220 642 255 666 s.
354 625 584 679 proponitur·
612 646 669 654 -—
701 625 823 663 varie.
877 622 1002 664 Amb.
1038 629 1075 664 1.
1102 642 1143 679 p.
1172 642 1247 666 uno
1275 626 1390 666 modo
1422 625 1586 665 solvitur
1611 641 1651 665 υ.

219 693 324 733 Flor.
342 709 385 747 p.
407 708 437 729 e·
461 709 497 730 u.
521 707 574 730 m.
595 689 690 731 haec
712 690 872 731 dissolv.
985 693 1050 731 sit.
1099 692 1237 748 Camp.
1254 695 1320 748 fit.
1422 693 1652 748 iranffera-r.

219 760 356 799 Turic-
379 758 601 815 1ransfi·ret.
686 758 852 798 molliat.
897 758 1005 799 Flor.
1024 759 1186 800 molliet.
1270 772 1434 801 avertat.
1463 760 1590 801 Aan.
1613 765 1652 799 1.

215 837 359 866 veriat.
443 843 576 882 quare.
630 828 762 867 Guelf.
783 830 888 881 quia.
973 827 1061 866 inde
1083 839 1202 868 recia.
1246 826 1314 867 Sic
1332 828 1459 868 Amb.
1485 833 1522 869 1.
1542 827 1648 867 Flor.

216 895 307 935 Par.
334 895 398 948 4.3
457 894 575 935 Voss.
599 898 639 935 3.
669 897 709 934 in
730 893 898 935 derecta.
944 894 1061 936 Voss.
1091 901 1131 937 2.
1161 897 1200 934 ἰη
1230 895 1412 936 dextera.
1523 906 1652 950 atque.

217 961 358 1015 Camp.
385 972 433 1002 et.

331 1032 367 1083 §.
399 1035 439 1072 3.
501 1030 617 1070 Tum.
669 1029 795 1071 Amb.
826 1036 866 1071 2.
897 1045 1058 1085 quoque
1086 1032 1245 1070 omittit.
1353 1028 1652 1086 praemeditata.

216 1098 356 1138 Turio.
385 1106 417 1138 'a
431 1114 490 1152 pr.
510 1114 566 1138 m.
597 1098 628 1138 F
632 1102 704 1139 lor.
736 1096 871 1139 Guelf.
899 1097 1024 1139 Amb.
1046 1104 1088 1140 2.
1118 1096 1241 1139 Goth.
1262 1097 1370 1139 Jens·
1393 1107 1431 1138 et
1453 1098 1542 1137 edd.
1560 1105 1651 1136 ante

216 1166 375 1219 Colhn,
415 1182 502 1207 exc.
526 1164 698 1218 Cervic.,
726 1165 1017 1220 praemeditate.
1129 1168 1246 1206 ctiam
1266 1169 1369 1220 ιἠορ.
1418 1164 1558 1218 Camp.
1586 1167 1652 1202 in-

216 1251 290 1275 ser.
313 1250 379 1274 ex.
463 1250 518 1273 cx
542 1236 699 1288 reipsa.
754 1236 892 1274 Guelf.
919 1249 995 1274 om.
1022 1249 1090 1274 ex.
1154 1232 1280 1274 Amb.
1302 1239 1342 1275 2.
1373 1243 1412 1274 et
1438 1234 1528 1272 edd.
1560 1241 1650 1271 ante

216 1302 370 1342 Cervic.
391 1317 445 1341 em
465 1304 561 1357 ipso.
664 1301 827 1341 invidia.
869 1300 996 1342 Amb.
1031 1307 1068 1342 1.
1100 1301 1303 1340 invidiam.
1401 1300 1464 1339 vel
1481 1302 1529 1339 si.
1581 1299 1650 1340 Sic

215 1370 339 1411 etiam
358 1369 479 1410 Amb.
502 1374 539 1409 1.
646 1371 866 1409 materiam.
914 1368 1039 1410 Aan.
1064 1372 1101 1409 1.
1130 1370 1307 1408 materia.
1405 1369 1651 1424 szgffbceruni.

217 1436 356 1490 Camp.
377 1437 612 1491 s1ffficerint.
708 1437 814 1475 Nam
833 1447 873 1475 ut
892 1436 1008 1490 quod.
1056 1437 1178 1477 Amb.
1199 1442 1237 1476 2.
1256 1450 1334 1475 om.
1357 1445 1412 1476 ut.
1461 1435 1587 1475 Amb.
1613 1441 1650 1475 1.

213 1503 322 1543 flor.
344 1506 464 1542 etiam
483 1519 712 1558 quamquam
734 1513 774 1541 ut
795 1503 910 1557 quod.
996 1513 1116 1542 lanio,
1153 1502 1276 1542 Amb.
1291 1507 1328 1542 1.
1349 1502 1484 1542 Turio.
1508 1502 1649 1556 Camp.
1680 1525 1701 1551 r,
1764 1509 1766 1544 ἶ

213 1582 379 1610 mnium.
484 1581 640 1624 quanto.
686 1569 794 1610 Jens.
822 1587 953 1624 quam.
1056 1586 1209 1610 sanare.
1255 1568 1394 1623 Camp.
1416 1585 1564 1610 sanere.

200 1639 386 1696 fizscilius.
438 1636 562 1677 Amb.
586 1642 621 1677 1.
641 1637 826 1693 felicius„

326 1707 361 1757 §.
394 1706 435 1744 4.
494 1703 589 1758 quid
614 1704 833 1758 protulerit.
887 1704 1013 1746 Amb.
1035 1708 1073 1745 1.
1094 1710 1132 1746 2.
1165 1703 1258 1758 quid
1282 1702 1487 1760 prqficerit.
1538 1702 1648 1744 Flor-

212 1773 302 1814 I‘ar.
327 1778 366 1812 1.
387 1775 506 1811 etiam
523 1774 587 1826 qui
602 1771 812 1828 prqfuerit.
900 1771 1087 1812 Primum.
1135 1771 1244 1812 Jens.
1266 1781 1304 1811 et
1327 1773 1416 1811 edd.
1439 1781 1530 1811 ante
1550 1771 1646 1811 Ald-

208 1845 350 1897 primo.
435 1843 672 1879 arcessitum.
717 1837 839 1878 Amb.
867 1845 906 1880 2.
938 1843 1058 1878 etiam
1083 1842 1334 1890 accersitum,
1373 1840 1481 1878 idem
1512 1854 1564 1878 ex
1592 1842 1650 1878 si-

212 1912 337 1950 lentio
359 1906 484 1948 Amb.
507 1912 544 1947 1.
566 1907 712 1946 habere
738 1908 954 1947 censendus
975 1917 1045 1948 est.
1150 1910 1186 1946 si
1203 1918 1258 1946 est
1272 1924 1408 1962 propr.
1456 1905 1582 1947 Amb.
1609 1913 1648 1948 2.

212 1981 252 2016 εἰ
271 1992 324 2015 ex
342 1994 404 2030 pr.
481 1978 686 2031 proprium
705 1999 761 2005 —-
780 1986 846 2014 aut
870 1974 1159 2031 dcfimlemlum.
1208 1975 1275 2015 Sic
1296 1975 1422 2015 ⁴Amb.
1445 1979 1482 2015 1.
1496 2005 1507 2026 ,
1540 1983 1649 2014 cete-

212 2048 265 2085 ris
286 2045 450 2083 omissis.
556 2055 623 2083 aut
643 2043 966 2100 transjbrendum.
1017 2042 1180 2083 Omittit
1205 2042 1344 2096 Camp.

325 2112 362 2163 §.
394 2113 431 2151 5.
491 2110 587 2152 ulla.
637 2110 765 2152 Amb.
789 2116 826 2151 1.
852 2110 966 2150 Alm.
985 2110 1093 2151 Jens.
1115 2109 1214 2151 Loc.
1238 2111 1324 2151 illa.
1429 2113 1495 2165 qui
1523 2108 1645 2150 ηαΖΖα.

210 2179 341 2220 Amb.
372 2185 408 2219 2.
438 2179 533 2233 quid
554 2179 675 2219 nulla.
785 2178 891 2218 illac.
938 2178 1047 2219 Jens.
1068 2177 1168 2219 Loc.
1199 2178 1304 2219 Ven.
1326 2176 1405 2217 ille.
1518 2187 1646 2216 tamen

208 2258 363 2302 patroc.
410 2245 535 2286 Amb.
557 2253 596 2287 2.
614 2250 731 2286 inser.
751 2255 781 2286 t.
863 2262 932 2285 nos
945 2262 1155 2300 possemus,
1200 2245 1235 2286 F
1238 2249 1310 2285 lor.
1332 2247 1450 2284 inser.
1470 2260 1565 2294 non,
1606 2252 1645 2284 et

209 2331 235 2355 a
254 2332 314 2369 ΡΥ.
336 2330 392 2355 ln.
413 2330 628 2369 possumus.

325 2383 362 2433 §.
396 2387 433 2421 6.
493 2381 672 2420 aliumve.
720 2375 850 2420 Guelf.
870 2380 1033 2421 alumne.
1137 2378 1201 2418 lic.
1234 2377 1383 2419 dicend.
1434 2378 1501 2420 Sic
1524 2382 1644 2419 etiam

209 2449 335 2491 Amb.
362 2455 399 2490 1.
420 2448 511 2490 Par.
535 2454 572 2489 1.
630 2447 688 2488 At
708 2447 838 2489 Colin.
862 2450 978 2488 inser.
999 2448 1180 2488 dicemus.
1230 2445 1382 2487 Cervic.
1409 2446 1520 2488 Sich.
1544 2462 1644 2501 quo-
1710 2481 1717 2489 ,

210 2534 287 2572 que
305 2520 429 2557 secuti
448 2526 541 2557 suut
560 2515 744 2570 Regium.
856 2516 1043 2557 clementi.
1089 2514 1157 2556 Sic
1185 2518 1306 2555 etiam
1333 2514 1459 2555 Amb.
1480 2520 1520 2555 2.
1548 2513 1640 2554 Par·

208 2591 249 2626 2.
286 2591 325 2625 3.

322 2651 420 2706 [Ad
436 2653 605 2707 primum
628 2653 795 2691 omnium
814 2651 857 2689 in
886 2659 969 2689 not.
993 2665 1105 2703 exeg.
1130 2649 1229 2689 haec
1252 2650 1454 2702 adscr1psit
1475 2645 1637 2700 Spald.:

212 2716 274 2759 Cf.
296 2719 377 2760 Cic.
395 2722 440 2758 in
459 2718 575 2760 Catil.
595 2717 647 2768 Π,
672 2724 710 2772 9,
735 2723 787 2760 29
807 2719 868 2758 ed.
889 2716 1012 2758 Beck.
1041 2721 1208 2772 primum
1226 2720 1390 2757 omnium
1411 2739 1466 2747 —-
1488 2712 1637 2766 deinde,

1752 2839 1768 3091 =Y2-.V⁷
