1804 3091
246 236 332 272 vm

251 335 351 390 quid
377 334 585 389 reliquum
615 341 678 374 est
706 341 895 374 veterum
936 332 1170 373 editionum
1199 330 1382 373 libenter
1409 333 1453 373 in
1485 330 1594 372 hanc
1623 329 1696 372 sil-

253 428 349 456 vam
380 414 710 467 recepissemus,
760 413 797 452 si
826 413 1010 466 reperire
1050 412 1092 451 in
1124 410 1190 451 his
1220 410 1464 465 regionibus
1492 410 1701 465 potuisse-

253 507 359 533 mus.
446 491 633 546 Apparet
680 499 845 540 autem,
895 488 1213 545 Spaldingium,
1255 503 1336 545 quo
1367 491 1590 530 certiorem
1618 487 1702 529 sibi

255 572 451 626 editionis
492 583 595 610 suae
635 568 865 622 mutatique
908 567 1076 608 consilii
1105 569 1287 622 speciem
1317 568 1610 617 informasset,
1649 579 1701 606 eo

256 648 503 703 diligentius
540 657 731 687 veterum
769 644 977 686 librorum
1014 648 1269 687 testimoniis
1309 660 1430 686 usum
1468 659 1587 696 esse,
1626 633 1704 684 nec

256 741 383 782 prope
413 725 543 767 finem
572 724 800 766 voluminis
829 725 1004 765 secundi
1035 726 1229 765 omisisse
1268 726 1350 765 nisi
1381 732 1524 779 aperta
1553 723 1706 764 menda

258 814 299 845 et
335 806 482 845 inania
522 805 794 859 repetitorum
834 804 1028 851 nomina3
1079 804 1276 858 quocirca
1307 802 1413 842 illud
1443 800 1707 856 spicilegium

256 897 331 938 per
362 884 534 923 tertium
565 890 839 937 quartumque
882 879 1102 931 volumen,
1155 882 1191 920 si
1220 880 1330 920 forte
1359 881 1601 920 etiamnunc
1632 878 1708 919 ali-

260 976 381 1017 quem
413 961 595 1002 fructum
624 960 777 1001 afferre
807 960 963 1014 possit,
1001 958 1155 999 futuris
1185 957 1417 998 editoribus
1447 956 1709 1012 reliquimus.

370 1119 456 1160 Sed
486 1120 595 1159 sicut.
622 1118 666 1157 in
698 1116 776 1156 hac
808 1117 970 1171 negotii
998 1126 1114 1170 parte
1147 1114 1252 1156 nihil
1284 1116 1365 1156 nisi
1389 1116 1569 1170 vestigia
1593 1113 1713 1170 Spal-

264 1198 397 1252 dingii
427 1197 685 1252 pressimus,
714 1203 754 1234 et
784 1194 989 1249 religiosa
1014 1195 1194 1250 quadam
1227 1193 1472 1249 diligentia,
1515 1193 1712 1247 quoniam

259 1274 389 1321 alieni
418 1276 557 1329 operis
587 1275 824 1315 successori
856 1287 939 1313 non
970 1273 1083 1312 idem
1104 1271 1218 1323 licet,
1250 1272 1359 1327 quod
1380 1273 1514 1326 primo
1535 1272 1711 1322 auctori,

258 1353 438 1395 fortasse
477 1354 603 1394 nimis
641 1350 840 1407 largiter,
891 1365 998 1406 quae
1029 1352 1171 1392 nescio
1203 1365 1255 1391 an
1285 1352 1376 1406 ipse
1405 1364 1517 1390 nunc
1547 1362 1712 1404 quoque

261 1432 453 1471 omittere
484 1432 618 1471 satius
649 1438 863 1485 putasset,
903 1428 1170 1485 collegimus:
1218 1431 1276 1469 ita
1307 1428 1483 1470 dubium
1516 1442 1600 1468 non
1630 1435 1711 1478 est,

259 1510 359 1564 quin
408 1507 585 1550 alterum
637 1507 1034 1563 Supplementorum
1089 1523 1223 1564 genus
1278 1509 1493 1562 insperato
1549 1507 1710 1561 gaudio

240 1586 405 1628 'omnes
435 1587 683 1629 affecturum
713 1589 791 1638 sit,
823 1588 894 1641 qui
925 1596 967 1627 et
995 1586 1258 1635 Quintiliano
1290 1595 1332 1626 et
1360 1584 1514 1626 litteris
1543 1585 1710 1625 Latinis

262 1664 369 1718 bene
401 1667 594 1720 cupiant,
626 1664 756 1716 illud„
789 1664 900 1720 quod
930 1665 1122 1704 codicum
1151 1666 1532 1718 manuscriptorum
1562 1677 1710 1704 recens

261 1742 538 1794 collatorum,
591 1744 744 1799 quibus
783 1746 874 1798 ipse
905 1741 1176 1797 Spaldingius
1215 1741 1386 1798 longius
1413 1743 1584 1782 interim
1616 1757 1711 1797 pro-

263 1836 433 1877 gressus
462 1823 524 1862 uti
543 1836 628 1863 non
647 1823 799 1876 potuit,
830 1819 1085 1862 lectionibus
1108 1823 1317 1875 excerptis
1342 1822 1595 1861 continetur.
1628 1819 1713 1861 Tot

262 1901 377 1940 enim
414 1899 498 1941 loci
540 1901 750 1955 desperati
790 1900 1090 1950 emendantur,
1141 1908 1203 1940 tot
1239 1899 1414 1940 vulnera
1446 1898 1712 1940 cicatricibus

263 1978 420 2027 dudum
450 1978 630 2020 obducta
657 1988 906 2033 reteguntur
936 1986 978 2018 et
1008 1979 1135 2018 certis
1175 1978 1374 2018 remediis
1403 1986 1630 2027 sanantur,
1667 1986 1714 2018 ut

263 2053 424 2096 nullam
464 2055 602 2101 adhuc
631 2069 813 2096 messem
846 2055 1085 2096 uberiorem
1116 2056 1159 2095 in
1197 2053 1464 2103 Quintiliano
1489 2055 1713 2096 obvenisse

265 2134 519 2174 existimem.
606 2134 808 2181 Laetatus
855 2143 945 2175 erat
989 2131 1261 2187 Spaldingius
1304 2141 1471 2187 reperta
1509 2130 1715 2187 Campani

265 2211 475 2262 editione,
517 2226 599 2267 qua
637 2212 824 2252 nondum
857 2213 897 2252 ei
927 2213 968 2252 in
1009 2213 1142 2266 primo
1176 2208 1389 2250 volumine
1422 2213 1483 2251 uti
1512 2212 1713 2266 contigit3

264 2287 445 2332 laetatus
475 2299 565 2330 erat
606 2289 746 2330 oblata
777 2290 932 2330 codicis
963 2288 1210 2330 Turicensis
1237 2288 1427 2344 pleniore
1462 2287 1712 2340 collatione,

269 2368 390 2421 cujus
431 2369 684 2408 variantium
719 2366 949 2409 lectionum
994 2382 1067 2422 per
1095 2366 1250 2408 librum
1281 2367 1460 2421 primum
1493 2376 1535 2407 et
1565 2382 1715 2408 secun-

269 2445 370 2485 dum
408 2460 493 2487 non
534 2445 705 2498 habuit,
757 2448 840 2488 nisi
870 2448 1071 2501 exiguum
1102 2446 1325 2486 admodum
1365 2447 1597 2500 specimen:
1638 2446 1713 2486 sed

271 2522 505 2564 exultasset
522 2524 709 2579 profecto
731 2526 900 2581 gaudi0‚
934 2526 970 2565 si
993 2539 1087 2565 cum
1106 2524 1261 2565 frustra
1285 2526 1493 2579 corruptis
1516 2538 1562 2565 se
1585 2522 1713 2564 Guel-

271 2599 479 2654 ferbytani
508 2611 549 2642 et
579 2601 766 2643 Gothani
796 2603 954 2643 codicis
983 2604 1199 2656 scripturis
1228 2609 1505 2651 macerasset,
1533 2602 1579 2640 in
1609 2608 1713 2640 tem-

272 2692 372 2732 pore
391 2677 680 2720 Florentinum
708 2679 864 2722 librum
893 2689 935 2720 et
965 2681 1370 2735 praestantissimum
1401 2680 1588 2720 omnium
1607 2676 1711 2720 Am-
