1775 3091
355 275 407 316 ml
439 275 600 327 Quintil.
632 273 760 314 lustit.
790 273 849 324 ῙῙ,
882 280 919 313 3.
953 276 985 327 ξ.
1012 279 1176 313 1-11-
1231 275 1268 313 4.
1302 275 1334 327 ξ.
1362 279 1396 312 1.
1420 280 1458 313 2.
1574 280 1624 315 75

184 389 251 427 scd
281 389 380 428 Ιιιιηε
407 391 535 428 omitt.
567 387 703 427 Turic.
734 387 847 426 Alm.
890 385 997 426 Flor.
1030 386 1192 439 Camp.;
1238 401 1335 425 mox
1365 387 1553 440 oportebit
1584 392 1625 426 iu

183 468 358 510 oportere
384 465 541 496 mutant
570 455 605 495 T
610 459 706 496 urie.
737 454 805 508 (in
836 470 914 509 quo
940 456 1116 494 deletum
1137 462 1195 494 est
1215 453 1321 507 esse)
1351 454 1460 495 Flor.
1486 454 1626 509 Camp.

186 522 334 576 Goth.3
385 524 557 579 denique
587 526 821 562 summittere
851 522 990 576 Camp.

297 606 329 657 ᾖ.
370 608 410 643 8.
479 602 618 653 Ouid?
655 604 702 642 si.
775 601 915 653 Quid?
961 600 1063 656 quod
1115 600 1241 649 Obr„
1288 615 1373 640 non
1417 601 1627 641 addicente

182 668 306 710 Amb.
333 676 370 710 1.
485 688 557 724 qno
587 672 684 725 quis.
745 687 817 724 quo
854 671 1010 724 quis-qne
1051 667 1174 709 Goth.
1221 684 1313 708 cum
1343 669 1433 708 edd.
1465 685 1487 707 a
1515 669 1626 710 Jens.

181 752 307 791 usque
345 738 395 777 ad
434 735 569 789 Gibs.,
620 753 706 778 exc.
743 737 844 779 ΑΜ.
911 736 1132 790 Receptam
1169 745 1335 777 tuentur
1373 735 1500 776 Codd.
1542 740 1626 776 fere

181 820 334 845 omnes.

296 886 328 938 ξ.
361 889 401 924 9.
459 885 639 924 tinnulos.
699 883 883 923 tremulos
920 882 1032 924 Sich.
1071 885 1114 922 iu
1145 898 1270 936 marg.
1303 883 1416 923 affert
1444 899 1497 924 ex
1525 887 1626 925 libro

180 966 275 1001 suo,
332 952 440 1006 quod
478 961 535 991 est
573 955 615 990 in
657 950 792 992 Guelf.
917 951 1010 991 alio.
1078 950 1179 991 alios
1216 951 1325 992 Flor.
1397 951 1492 1006 [De
1529 950 1628 994 ‘vitio

182 1022 400 1058 cacozeliae
449 1022 500 1058 cf.
532 1017 657 1069 VIII,
701 1026 748 1071 3,
791 1025 858 1060 56.
909 1018 1081 1072 Spald.]
1195 1019 1310 1073 lapsi.
1370 1020 1467 1059 lassi
1509 1025 1629 1061 etiam

179 1085 305 1126 Amb.
328 1094 368 1127 2.
404 1087 529 1127 Paris.
559 1091 597 1127 5.
633 1086 772 1139 Camp.
805 1086 908 1127 Obr.
939 1089 1028 1127 fort.
1059 1085 1186 1126 Amb.
1213 1092 1249 1126 1.
1311 1086 1390 1140 [Et
1420 1088 1497 1128 hoc
1526 1090 1629 1128 mihi

180 1155 344 1206 quidem
380 1157 498 1192 unice
535 1157 678 1206 placet.
736 1153 876 1207 Neque
915 1157 1024 1192 enim
1064 1155 1221 1193 videtur
1262 1152 1539 1204 Quintilianus
1579 1159 1628 1196 de

181 1220 435 1260 deverticulis
463 1221 728 1274 hospitiorum
757 1236 822 1260 eos
853 1223 924 1275 qui
948 1224 1022 1259 iter
1053 1224 1244 1260 conficere
1275 1225 1438 1274 cupiant
1464 1239 1630 1263 moran-

178 1290 284 1326 tibus
317 1289 468 1340 dicere,
510 1289 580 1328 sed
610 1289 794 1328 homines
825 1291 1072 1340 intelligere,
1117 1292 1208 1342 qui,
1242 1305 1334 1328 clun
1362 1300 1522 1343 propter
1550 1295 1630 1331 las-

179 1356 398 1395 situdinem
428 1357 665 1409 compendia
693 1360 782 1395 viae
812 1365 1025 1410 quaerant,
1058 1372 1081 1396 a
1109 1365 1217 1395 recto
1247 1360 1390 1396 itinere
1411 1361 1628 1412 aberrant]

265 1422 356 1462 Erit
387 1440 491 1476 crgo.
554 1423 662 1476 Ergo
694 1441 745 1463 er.
788 1424 898 1464 Flor.
1015 1424 1219 1464 obscurior
1251 1427 1381 1466 eiiam.
1441 1437 1488 1466 et.
1520 1428 1626 1469 obse.

179 1488 317 1530 Turio.
350 1489 474 1531 Goth.
507 1489 642 1531 Guelf,
672 1491 782 1532 Jens.
816 1502 855 1532 et
884 1501 1049 1545 posterr.
1080 1501 1172 1531 ante
1204 1490 1386 1547 Gryph.‚
1418 1509 1500 1535 acc.
1523 1494 1625 1536 Obr.

178 1560 271 1598 fort.
301 1558 425 1598 Amb.
451 1564 487 1599 1.
547 1561 663 1598 ctiam
693 1562 821 1599 omitt.
855 1558 996 1613 Camp-

293 1640 325 1692 ξ.
361 1644 426 1680 11.
484 1657 531 1679 σα
561 1655 682 1679 causa
709 1638 772 1677 vel
797 1655 914 1679 max.
973 1656 1019 1678 ea
1049 1641 1171 1693 igitur
1208 1656 1330 1679 causa
1361 1657 1475 1694 quam
1503 1658 1540 1681 v.
1575 1660 1625 1684 m.

178 1703 317 1746 Turic.
348 1706 456 1747 Flor.
487 1707 627 1758 Ahn.‚
677 1707 786 1745 unde
830 1705 970 1760 Camp.
1003 1709 1135 1746 effecit
1164 1724 1209 1746 ea
1238 1710 1370 1760 agitur
1401 1725 1434 1748 c.
1464 1727 1560 1764 quae
1589 1728 1626 1752 v.

178 1791 229 1813 m.
331 1777 445 1814 etiam
463 1775 659 1830 probabit.
714 1774 828 1828 prob.
849 1785 897 1814 et.
920 1774 1022 1815 Obr.
1036 1806 1047 1825 ‚
1078 1790 1163 1814 non
1185 1778 1422 1829 astipulante
1442 1776 1566 1817 Amb.
1588 1785 1625 1819 1.

752 1907 784 1949 C
815 1922 843 1948 A
875 1923 914 1949 P.
968 1906 1054 1948 IV.

292 1999 324 2052 ξ.
357 2004 393 2039 1.
454 2001 492 2038 in
523 1997 708 2038 docendo.
768 1997 977 2038 inducendi
1014 1997 1138 2037 Amb.
1172 2004 1208 2039 1.
1242 2013 1264 2037 a
1286 2015 1364 2039 sec.
1396 2015 1450 2039 m.
1567 2004 1627 2044 At

177 2066 287 2105 mihi.
346 2067 406 2106 At
444 2066 566 2107 Paris.
601 2072 636 2106 1.
668 2072 708 2106 2.
740 2071 779 2106 5.
838 2065 905 2104 Ac
933 2065 1058 2105 Paris.
1085 2072 1122 2106 3.
1155 2065 1292 2119 Camp.
1327 2067 1485 2123 (Pott.)
1515 2069 1626 2113 Flor.

177 2132 315 2174 Turic.
345 2133 471 2174 Aan.
498 2140 534 2174 1.
558 2139 597 2174 2.
632 2136 812 2183 silentur,
851 2134 960 2172 unde
990 2136 1054 2184 fit,
1106 2142 1151 2173 ut
1179 2135 1247 2173 Ac
1277 2136 1368 2174 dare
1399 2138 1629 2182 videantur.

179 2199 334 2254 [Quod
363 2211 401 2241 et
431 2217 570 2241 verum
602 2211 682 2250 est,
722 2217 853 2255 neque
883 2204 991 2240 enim
1021 2204 1214 2254 oppositio
1243 2205 1346 2241 inest
1377 2219 1469 2242 cum
1495 2222 1628 2246 enun-

175 2272 340 2308 tiatione
383 2286 452 2320 ea,
501 2285 602 2324 quae
642 2272 823 2321 proxime
863 2272 975 2322 quasi
1014 2284 1084 2321 per
1126 2269 1372 2323 παρένθέσιν
1402 2276 1624 2317 antecedit:

177 2345 218 2374 et
245 2339 289 2375 fit
317 2353 358 2375 re
387 2352 480 2376 vera
512 2338 662 2390 duplex
690 2339 902 2386 transitus,
946 2336 1043 2374 dum
1072 2340 1247 2388 primum
1277 2340 1372 2377 dicit
1401 2340 1467 2389 id,
1512 2346 1626 2393 cujus

171 2405 307 2442 simile
349 2406 503 2459 aliquid
532 2405 639 2457 apud
668 2406 944 2456 grammaticos
974 2406 1112 2452 fiebat,
1162 2414 1202 2445 et
1231 2421 1283 2445 ex
1312 2406 1389 2445 hoc
1415 2406 1624 2450 historiam

179 2470 359 2522 deligit.]

289 2549 326 2598 §.
361 2555 399 2588 2.
459 2552 689 2602 accepimus.
747 2547 808 2588 Ita
842 2547 966 2590 Gesn.
1000 2551 1124 2589 edidit
1154 2566 1174 2588 e
1202 2549 1312 2590 Jens.
1344 2561 1383 2590 et
1410 2556 1496 2593 rell.
1529 2556 1620 2596 edd.

177 2625 269 2654 ante
312 2615 473 2666 Coun„
522 2619 664 2669 quibus
705 2618 858 2656 accedit
905 2616 1031 2657 Amb.
1068 2623 1103 2657 1.
1143 2617 1267 2657 Paris.
1300 2623 1339 2658 5.
1408 2623 1621 2675 acc-ipimus

179 2681 302 2722 Goth.
336 2682 470 2723 Guelf.
503 2682 638 2722 Turic-
669 2683 791 2723 Paris.
815 2690 851 2724 1.
874 2690 912 2724 2.
936 2690 975 2724 6.
1008 2694 1046 2724 et
1076 2685 1165 2723 edd.
1198 2701 1297 2725 rece.
1359 2684 1453 2738 [Cf.
1481 2688 1619 2741 Spald.

179 2753 219 2789 in
249 2752 411 2804 praelat.
449 2749 545 2791 Vol.
576 2748 595 2790 Ῑ
623 2767 661 2805 p.
681 2748 942 2804 LXXXJL]
1061 2763 1257 2793 remotam.
1318 2763 1465 2796 remota
1501 2760 1622 2797 etiam
