1775 3091
407 252 462 294 aa
491 251 654 309 Quintil.
683 251 815 294 lum-1.
844 252 926 304 JV,
957 259 997 296 2.
1030 253 1068 307 §.
1099 249 1296 299 55262.
1361 243 1365 245 ’
1484 262 1564 300 201

245 365 282 419 ξ.
317 370 385 409 59.
442 365 622 422 Frigida.
679 364 806 407 Amb.
829 371 867 408 1.
885 366 1058 423 figere.
1171 368 1362 410 videntur.
1423 372 1563 426 Camp.

135 432 342 474 videretur.
444 433 520 475 hoc
542 433 805 490 manfflstum.
866 433 934 475 Sic
967 440 1088 476 etlam
1113 439 1238 488 Flor.,
1266 440 1476 492 insequens
1512 450 1569 478 est

137 501 331 542 omittunt
359 501 448 542 edd.
491 511 582 542 ante
615 499 769 556 Gryph.
801 517 888 543 exc,
929 502 1029 544 Ald.
1072 513 1110 544 et
1144 503 1255 545 Sich.
1355 505 1567 562 fifille1·it.

135 565 239 608 Edd.
261 579 351 609 ante
375 567 526 624 Gryph.
544 568 780 625 jbfillerint·
866 569 1171 624 deprehenditur.
1215 571 1341 613 Amb.
1357 579 1395 614 2.
1424 573 1568 627 Camp.

136 633 395 688 ‹lc-prenditur.
456 636 633 689 [Fr-igere
672 639 905 691 exquisitius
943 640 1060 678 facile
1100 640 1298 680 videbitur
1335 656 1455 695 quam
1478 642 1572 698 fri-

132 701 250 753 gida,
292 704 362 742 sed
391 718 460 743 cur
489 702 594 757 quod
619 718 704 743 non
736 707 962 755 conjunctio
1005 709 1080 758 sit,
1119 707 1191 746 sed
1219 722 1462 760 pronomen,
1500 712 1572 749 vix

136 782 202 806 me
230 771 357 810 fateor
383 772 629 824 intelligere:
661 771 764 810 mihi
791 782 896 812 certe
925 775 979 813 sic
1001 777 1198 814 sententia
1223 777 1432 828 procedere
1459 778 1572 816 vide-

136 843 226 876 tur:
258 852 303 876 ea
329 840 414 891 ipsa
442 854 484 878 re
513 841 764 892 intelligitur,
795 843 865 894 qui
890 844 1062 881 narratio
1095 841 1177 895 (vel
1206 840 1361 898 Cicero)
1399 845 1573 895 judicem

135 905 273 944 fallere
300 910 497 959 potuerit,
528 908 637 962 quod
667 910 771 946 mala
803 911 882 958 ejus
912 909 1005 948 fides
1036 912 1105 949 vix
1134 924 1156 948 a
1184 911 1329 949 lectore
1349 911 1574 964 deprehen-

137 971 275 1025 ditur]
374 973 557 1031 faciant.
615 973 683 1014 Sic
713 979 832 1014 etiam
859 975 981 1017 Amb.
1016 982 1053 1016 1.
1080 983 1121 1017 2.
1151 975 1259 1016 Flor.
1280 974 1383 1017 Par.
1408 983 1444 1018 1.
1467 984 1507 1019 2.
1533 984 1573 1020 3.

251 1062 286 1113 §.
319 1067 386 1103 60.
445 1062 552 1102 Nam
582 1080 628 1102 ηε
656 1067 868 1104 contraria.
922 1063 1042 1106 Amb.
1078 1071 1114 1107 1.
1156 1082 1248 1106 nam
1281 1066 1324 1106 isl
1353 1067 1504 1121 quidem
1530 1085 1576 1108 ne

140 1144 218 1182 qua
252 1134 464 1172 contraria.
516 1129 623 1171 Flor.
655 1148 744 1169 nam
772 1131 814 1170 id
840 1132 943 1186 quod
972 1143 1027 1171 cst
1058 1150 1103 1171 ne
1134 1145 1257 1174 contr.
1320 1132 1453 1176 Guelf.
1486 1153 1576 1181 nam

141 1212 256 1249 neque
283 1209 405 1237 contr.
516 1208 584 1237 aut
612 1198 686 1237 silvi
720 1215 796 1253 rep.
849 1199 974 1240 Amb.
1003 1206 1042 1241 2.
1073 1199 1189 1240 Voss.
1225 1206 1264 1241 1.
1293 1206 1334 1241 2.
1367 1206 1406 1241 3.
1446 1206 1574 1243 omitt.

140 1264 229 1304 sibi.
348 1265 509 1320 reliqua.
564 1263 685 1307 Amb.
700 1271 739 1306 2.
774 1283 899 1321 reque.

254 1358 289 1404 §.
319 1359 384 1394 61.
443 1355 614 1412 quidam.
675 1353 784 1396 Gibs.
827 1355 993 1410 quidem.
1104 1373 1136 1410 μ
1148 1373 1164 1398 ε
1175 1372 1198 1411 y
1208 1373 1232 1397 α
1243 1358 1265 1397 λ
1278 1373 1297 1398 ο
1309 1374 1338 1398 π
1351 1373 1373 1412 ρ
1387 1356 1441 1398 ἐπ
1453 1374 1469 1399 ε
1481 1375 1493 1398 ι
1505 1374 1530 1398 α
1540 1375 1576 1400 ν.

143 1419 264 1462 Amb.
287 1428 324 1463 1.
357 1438 379 1462 a
399 1439 458 1477 pr.
483 1439 538 1463 m.
570 1421 691 1464 Goth.
720 1426 1157 1478 μεγαλοπρεπιαν.
1195 1424 1330 1466 Turio.
1358 1428 1580 1480 μεγαλο-

144 1506 386 1545 πρεπεαν.
492 1491 667 1545 judiciis.
724 1488 845 1530 Amb.
868 1497 906 1531 2.
935 1491 1093 1544 judicis.
1206 1492 1253 1530 de
1280 1503 1384 1533 certa
1416 1493 1579 1534 credita.

144 1556 213 1597 Sic
244 1562 363 1598 etiam
401 1556 522 1598 Amb.
558 1564 595 1598 1.
628 1563 668 1598 2.
708 1557 814 1598 Flor.
847 1573 868 1596 a
898 1574 957 1611 pr.
987 1574 1042 1598 m.
1074 1558 1163 1599 Par.
1185 1566 1226 1601 2.
1289 1560 1435 1600 credito
1465 1560 1578 1602 Sich.

146 1625 357 1680 [Alterum
386 1626 502 1676 hujus
530 1627 676 1679 ellipsis
696 1627 927 1678 exemplum
949 1635 1005 1666 est
1024 1624 1138 1678 VIII,
1152 1632 1191 1678 3,
1210 1625 1298 1680 14.]
1393 1627 1521 1668 locato
1546 1638 1581 1667 et

147 1693 350 1734 conducto.
408 1693 515 1733 Flor.
547 1708 660 1732 asec.
678 1707 732 1733 m.
761 1691 865 1731 Jens.
895 1690 994 1734 Loc,
1025 1692 1134 1734 Ven.
1168 1693 1301 1735 locata
1318 1705 1353 1734 et
1376 1694 1582 1736 conducta.

235 1777 352 1815 neque
374 1776 533 1814 semper.
581 1759 648 1799 Sic
667 1762 787 1798 etiam
806 1757 930 1799 Amb.
945 1764 982 1800 1.
997 1766 1035 1800 2.
1066 1759 1173 1802 Flor.
1273 1771 1315 1800 ut
1335 1760 1408 1802 vel,
1452 1761 1581 1802 Amb.

154 1816 193 1869 ⁴1.
225 1826 332 1868 Flor.
363 1829 482 1866 etiam
511 1825 626 1867 velut.
689 1824 835 1877 [Quod
864 1828 896 1864 si
924 1827 1197 1879 recipiendum
1226 1837 1308 1880 est,
1339 1837 1384 1868 ut
1412 1829 1583 1882 videtur,

153 1902 313 1949 propter
355 1896 630 1933 auctoritatem
675 1895 837 1932 illorum
875 1894 1089 1945 librorum,
1128 1904 1309 1935 construe
1356 1898 1437 1936 sic:
1476 1896 1586 1951 quod

154 1965 275 2002 etiam
304 1964 486 2015 exemplo
516 1960 737 2001 Miloniano
775 1969 905 2014 patet,
947 1964 1058 2001 velut
1095 1964 1302 2015 proximo,
1341 1965 1370 2004 i.
1400 1979 1436 2005 e,
1475 1964 1584 2019 quod

152 2038 345 2084 tanquam
371 2031 597 2083 proximum
638 2029 782 2079 laudo,
823 2030 973 2082 alioqui
1003 2031 1080 2067 alia
1110 2033 1308 2082 permulta
1345 2032 1472 2084 sunt-J

153 2098 342 2151 proximo
372 2099 558 2136 omittunt
599 2097 688 2136 edd.
729 2095 836 2136 Jens.
873 2093 973 2136 Loc.
1011 2094 1146 2148 Van„
1187 2100 1286 2138 item
1315 2099 1440 2139 codex
1467 2098 1587 2153 Regii

157 2178 220 2219 ap.
258 2160 360 2204 Bad.
473 2163 652 2219 exemplo
682 2163 921 2204 Miloniano.
962 2161 1086 2204 Go'th.
1128 2174 1167 2205 et
1196 2165 1286 2206 edd.
1326 2176 1417 2207 ante
1446 2166 1586 2220 [Stoer.

159 2231 297 2270 ordine
325 2233 496 2271 inverso.

270 2323 310 2372 ς.
339 2324 404 2360 62.
464 2318 518 2358 Et
545 2335 655 2361 mem.
716 2318 850 2361 Guelf.
892 2319 1030 2375 Camp.
1062 2321 1188 2360 omitt.
1222 2331 1271 2361 et.
1384 2321 1487 2377 quod
1514 2337 1591 2362 ex·-

161 2387 350 2441 ponimus.
419 2384 556 2440 Camp.
596 2387 692 2442 quid
718 2404 863 2443 expon.
985 2389 1191 2443 magnffice
1222 2388 1261 2430 ἆ.
1327 2389 1464 2430 Turio.
1504 2406 1592 2429 ma·-

162 2454 409 2508 gnfficentiae
434 2453 475 2494 ἆ.
587 2454 752 2496 dulciter
790 2459 918 2498 omitt.
948 2455 1088 2510 Camp.
1202 2472 1291 2497 cum
1323 2473 1390 2497 suo
1422 2472 1592 2512 quaeque

167 2519 270 2562 loco.
326 2520 432 2561 Flor.
460 2520 550 2562 Par.
585 2527 623 2562 1.
655 2525 783 2564 omitt.
813 2527 932 2563 etiam
961 2540 1143 2579 quaeque.
1199 2521 1319 2566 Amb.
1351 2531 1391 2566 2.
1433 2539 1591 2580 quoque

168 2587 237 2628 dat
266 2603 299 2628 c.
326 2604 360 2630 s.
391 2604 535 2643 quoque
565 2587 590 2629 l.
709 2593 924 2645 assignata.
977 2591 1102 2632 Amb.
1133 2596 1176 2633 2.
1214 2591 1434 2646 ffllsignaia.
1556 2600 1594 2630 et

168 2653 270 2693 velut
297 2654 442 2696 dedita.
501 2652 634 2698 Guelf.
659 2654 779 2699 Amb.
815 2663 854 2701 2.
883 2658 1007 2701 Bern.
1035 2668 1091 2700 cst
1119 2657 1266 2702 dedita.
1320 2658 1438 2701 Voss.
1471 2663 1510 2699 3.
1539 2669 1595 2697 cst

170 2720 286 2762 velut.
317 2721 405 2762 ded.
