1775 3091
160 262 242 299 232
597 257 870 314 Supplementa
898 261 1159 302 annotationis

164 370 334 411 diversa.
400 371 492 413 Par.
524 377 563 412 1.
605 387 700 426 quae
733 370 978 412 adversario.
1085 382 1404 427 proponerentur.
1465 370 1601 412 Guelf.

159 450 431 494 proponerent.

274 509 311 558 §.
351 512 390 547 3.
456 506 752 560 Uir-umcunque.
798 504 889 546 Par.
914 512 952 547 1.
975 522 1134 563 quoque
1166 518 1382 562 utrumque.
1487 523 1606 561 neque

162 577 276 614 enim.
334 574 402 614 Sio
431 577 552 612 etiam
577 572 702 613 Amb.
728 579 767 614 2.
797 572 897 614 Ald.
926 574 1038 616 Sich.
1154 593 1227 630 quo
1257 586 1353 615 1010.
1409 572 1534 614 Amb.
1563 579 1603 614 1.

162 644 229 696 qui
251 652 280 682 1.
295 673 306 693 ‚
338 657 361 680 a
380 656 457 680 sec.
480 655 532 679 m.
552 643 645 695 quia
665 651 713 689 t.,
756 641 826 681 sed
849 644 950 681 forte
970 645 1078 696 prius
1097 653 1181 683 erat
1200 652 1245 683 ut
1266 644 1409 683 editu-r.
1465 641 1604 682 Turio.

164 708 273 750 Flor.
304 724 326 747 a
354 724 414 761 pr.
443 723 499 747 m.
527 706 639 749 Ahn.
670 707 810 762 Camp.
843 712 937 764 quia
965 720 1060 750 toto.

274 778 310 829 §.
342 776 384 815 4.
439 779 641 829 prooemii.
696 776 835 817 Turio.
867 792 890 816 a
920 793 979 830 pr.
1010 793 1066 818 m.
1103 777 1220 818 Ahn.
1249 777 1488 832 prohoemia.

166 861 282 899 neque
307 853 459 883 narrat.
529 841 652 884 Goth.
692 843 802 884 Jens.
846 854 886 884 et
919 845 1009 885 edd.
1048 854 1139 884 ante
1181 843 1335 899 Gryph.
1375 859 1462 884 exc.
1493 842 1605 884 Sich.

247 921 302 950 est
321 911 435 951 alius.
493 909 618 951 Amb.
647 917 685 952 1.
713 910 850 952 Turio.
879 911 987 952 Flor.
1019 911 1160 966 Camp.
1196 923 1291 951 esset
1323 911 1439 961 αἷίιιε.
1493 908 1606 951 Ahn.

163 977 266 1018 alius
297 989 407 1018 essct.
467 977 576 1019 Jens.
612 988 651 1018 et
679 980 771 1019 edd.
800 989 893 1020 ante
921 978 1024 1020 Bad.
1054 983 1245 1020 omittunt
1265 978 1381 1018 alius.
1495 989 1609 1032 atque

163 1062 220 1086 ea.
285 1043 410 1086 Goth.
450 1056 485 1085 et
526 1062 580 1085 ea.
648 1045 765 1086 Voss.
806 1052 844 1088 3.
894 1050 1042 1087 omittit
1078 1058 1206 1102 atque.
1318 1047 1609 1100 perveniremus.

164 1112 289 1153 Amb.
318 1119 357 1153 2.
378 1116 675 1167 pervenerimus.
777 1126 818 1154 ut
837 1115 1017 1168 judicem.
1076 1114 1201 1154 Amb.
1197 1120 1264 1165 2²1·
1285 1117 1402 1154 inser.
1425 1114 1525 1153 kuic.

161 1192 394 1236 praeparent
416 1193 465 1221 et.
523 1180 648 1221 Amb.
679 1187 717 1222 1.
749 1198 770 1221 a
790 1199 866 1221 sec.
890 1198 944 1222 m.
973 1182 1080 1221 Flor.
1105 1197 1126 1221 a
1147 1198 1203 1235 pr.
1224 1197 1279 1222 m.
1299 1184 1580 1236 prae-parentis.

280 1249 315 1300 §.
347 1253 386 1289 5.
447 1252 697 1303 esquinqne.
759 1249 896 1289 Turio.
924 1249 1032 1290 Flor.
1064 1265 1087 1289 a
1112 1266 1170 1302 pr.
1192 1265 1248 1289 m.
1278 1249 1391 1289 Ahn.
1423 1252 1610 1288 omiitunt

165 1330 234 1355 ex.
351 1333 448 1370 quas
472 1316 556 1369 jud.
616 1316 750 1356 Guelf.
781 1317 878 1355 duas
901 1318 986 1371 jud.
1101 1319 1300 1356 materiae.
1361 1316 1496 1356 Turio.
1528 1331 1608 1355 om.

250 1386 483 1424 necessaria.
529 1383 666 1423 Turio.
690 1387 941 1424 necessariae.
1030 1388 1093 1425 cni
1110 1386 1223 1439 prob.
1269 1383 1448 1424 A1nb.1.
1473 1384 1609 1424 Turio.

165 1465 266 1505 quac
286 1451 399 1504 prob.
482 1452 727 1504 probatione.
777 1450 913 1492 Guelf.
932 1453 1169 1506 probationi.
1254 1452 1442 1491 videmur,
1484 1450 1609 1490 Amb.

168 1522 210 1556 1.
245 1516 352 1558 Flor.
383 1533 541 1572 quoque
571 1517 784 1558 videamur.
902 1537 1001 1573 quae
1028 1522 1067 1557 in
1096 1536 1303 1558 commune.
1362 1518 1487 1557 Amb.
1511 1523 1547 1557 1.
1569 1523 1609 1558 2.

165 1582 274 1625 Flor.
313 1583 451 1637 Camp.
483 1583 618 1625 Guelf.
654 1584 772 1624 Voss.
794 1591 833 1625 2.
864 1585 987 1626 Bern.
1009 1584 1130 1626 Goth.
1158 1590 1256 1626 item
1274 1587 1350 1625 hoc
1370 1586 1521 1624 ordine.

165 1667 293 1692 omnes
315 1655 564 1706 quaestiones.
617 1651 753 1692 Turio.
775 1656 897 1692 omnis
919 1656 1166 1707 quaes!ioniS.
1252 1670 1349 1707 quae
1370 1655 1423 1691 in.
1476 1650 1609 1692 Guelf.

164 1718 290 1759 Amb.
314 1726 353 1760 2.
377 1722 504 1759 omitt.
528 1735 639 1772 quac.
752 1737 890 1772 genere
917 1737 1053 1774 propr.
1117 1718 1250 1760 Guelf.
1273 1724 1392 1759 inser.
1416 1736 1525 1773 quae.

162 1790 327 1840 propria
351 1797 452 1828 sunt.
511 1785 646 1826 Turio.
667 1784 776 1826 Flor.
800 1786 932 1828 Guelf.
953 1786 1064 1827 Sich.
1089 1785 1221 1827 Coliu.
1241 1805 1302 1842 pr.
1324 1789 1415 1828 sint.
1476 1786 1613 1841 Camp.

165 1856 307 1908 priora
330 1856 422 1896 sint.

759 1964 925 2007 (ΖΑΒ.
984 1964 1017 2007 Ι.

283 2060 320 2110 §.
362 2063 399 2097 1.
454 2058 598 2112 prima.
655 2054 773 2095 Voss.
807 2061 845 2096 1.
888 2055 1028 2110 Camp.
1061 2059 1202 2110 primo.
1313 2055 1423 2113 fere.
1483 2055 1614 2097 Guelf.

169 2126 331 2164 omittit.
442 2125 704 2179 probationes.
763 2123 872 2165 Flor.
912 2139 935 2162 a
954 2140 1012 2177 pr.
1038 2139 1093 2164 m.
1122 2123 1247 2164 Amb.
1271 2129 1312 2164 2.
1340 2125 1429 2164 Par.
1452 2130 1488 2164 5.
1516 2138 1614 2177 pro-

169 2194 393 2246 positiones,
451 2190 553 2232 Loc.
579 2191 820 2245 probatione.
937 2195 1146 2245 acciperet.
1211 2191 1337 2230 Amb.
1379 2196 1416 2231 1.
1456 2207 1614 2244 accepe-

175 2260 240 2301 rit.
353 2259 426 2298 has
445 2281 500 2288 -
520 2258 763 2313 artificiales.
820 2258 932 2299 Haeo
952 2261 1074 2298 verba
1096 2260 1241 2298 absum
1266 2261 1389 2299 etiam
1415 2260 1463 2297 ab
1487 2257 1613 2298 Amb.

174 2329 215 2366 1.
330 2337 578 2366 vocaverunt.
638 2324 767 2366 Guelf.
797 2341 875 2366 om.

284 2395 321 2445 §.
360 2398 399 2433 2.
472 2403 664 2432 tormenta
702 2392 870 2433 tabulae.
941 2391 1077 2433 Turio.
1107 2391 1385 2432 tormentabile.
1512 2395 1612 2446 ipsa.

171 2458 280 2500 Flor.
300 2474 323 2499 a
343 2476 401 2513 pr.
426 2475 482 2500 m.
505 2462 587 2514 ipse
609 2475 702 2500 cum
719 2458 843 2500 Amb.
865 2466 904 2500 2.
1016 2476 1087 2514 per
1107 2476 1146 2498 se
1165 2475 1246 2499 car.
1269 2471 1365 2500 arte.
1425 2457 1548 2500 Amb.
1572 2466 1612 2500 2.

174 2525 287 2567 Sich.
311 2542 390 2567 om.
408 2544 479 2581 per
502 2544 554 2567 se.
614 2527 722 2569 JenS.
752 2535 793 2566 et
826 2527 915 2567 edd.
941 2536 1032 2567 ante
1056 2525 1208 2567 Cervic.
1233 2542 1319 2567 exc,
1343 2525 1437 2566 Alci.
1461 2543 1493 2566 c.
1516 2543 1553 2567 α.
1568 2543 1610 2580 p.

173 2608 207 2633 s.
303 2593 554 2648 eloquentiae.
613 2594 738 2634 Amb.
770 2598 808 2633 1.
838 2592 1060 2647 eloquentis.
1173 2605 1209 2633 ct
1237 2593 1352 2634 allev.
1412 2592 1538 2634 Amb.
1571 2599 1610 2633 2.

175 2673 336 2713 quoque
373 2676 454 2702 om.
495 2673 544 2704 et.
609 2661 718 2702 Flor.
757 2672 791 2699 et
830 2660 1061 2701 adlevanda.
1133 2659 1230 2701 Ald.
1276 2660 1426 2702 Cervic.
1465 2671 1499 2699 et
1532 2659 1613 2709 ple-

176 2725 320 2768 vando.
