1775 3091
240 234 320 276 154
689 232 960 288 Supplcmenta
991 235 1252 274 annorationis

235 345 356 387 Tarv.
396 344 493 387 Ald.
613 348 779 400 perituri
819 349 914 386 sint.
983 362 1068 401 per.
1106 358 1192 386 sunt
1232 347 1394 400 Tusio„
1432 363 1677 403 quamquam

234 431 306 469 per
337 415 633 468 compendium.

347 484 386 536 §.
417 488 484 523 31.
551 480 631 519 Sed
671 490 811 520 tamen.
882 491 1009 521 tamen
1048 484 1177 522 omitt.
1229 480 1353 523 Amb.
1396 488 1433 523 1.
1561 499 1677 537 neque

234 552 313 592 hic.
371 567 488 604 neque
515 550 587 588 lzoc
618 547 731 588 Sich.
839 548 967 603 plane.
1023 550 1225 604 plalotone
1253 549 1340 604 (sic)
1369 549 1476 591 Flor.
1499 565 1597 603 apr.
1617 565 1675 591 m.

291 618 452 658 Platoni
480 619 600 655 etiam
632 614 797 670 Camp.‚
831 625 870 656 et
895 632 992 656 mox
1024 617 1253 657 credendum
1279 634 1349 672 pro
1381 617 1676 659 concedendum.

352 701 431 725 esse
473 683 515 723 iel
554 683 684 723 ἰηῘιοη.
750 683 792 723 iel
831 688 960 725 omitt.
999 684 1124 726 Amb.
1159 691 1195 727 1.
1241 685 1380 739 Calnp.
1451 704 1481 726 e.
1523 688 1550 726 i.
1584 685 1673 725 Ῐιοη.

230 755 337 796 Flor.
453 768 593 791 omnes.
653 753 775 791 omnis
814 751 939 793 Amb.
969 758 1004 792 1.
1045 752 1183 807 Camp.
1221 753 1327 794 Flor,
1361 769 1383 792 a
1412 770 1473 807 pr.
1504 769 1560 795 m.

232 823 385 863 eisdem.
445 819 592 859 hisdem
623 818 757 860 Guelf.
816 820 950 858 iisdem
979 819 1086 860 Flor.
1120 820 1258 875 Camp.
1292 831 1331 861 et
1355 823 1444 861 edd.
1471 831 1566 861 vett.

230 892 401 943 antiquis
419 912 474 917 —
493 898 612 927 ονίοε.
671 885 731 926 Ita
761 890 881 926 etiam
909 886 1036 926 Amb.
1063 893 1126 939 1.;
1158 890 1227 927 sed
1248 892 1292 927 in
1320 888 1454 928 Tui-ic.
1477 904 1499 927 a
1517 905 1595 930 sec-
1616 904 1675 928 m.

230 967 288 997 est
318 956 514 997 Obrechti
543 959 750 1009 scriptura.
809 957 924 993 etiam
955 957 1092 1009 antiq„
1124 956 1262 994 ordine
1290 958 1471 1006 inverso,
1503 955 1672 1009 Camp.;

226 1029 326 1065 item
347 1040 445 1063 mox
476 1034 531 1062 cst
551 1026 675 1078 peric.
791 1022 1021 1061 dediderint.
1072 1022 1246 1061 dederint
1275 1026 1393 1062 etiam
1420 1022 1556 1062 Turio.
1588 1024 1673 1076 (alt.

226 1093 338 1146 coll.)
378 1092 485 1132 Flor.
521 1101 560 1131 et
589 1091 728 1146 Camp.
761 1092 868 1144 apud
903 1090 1164 1142 Pottierium,
1206 1106 1298 1130 cum
1338 1094 1496 1130 collatio
1532 1090 1673 1144 Spald.

223 1162 330 1201 nihil
355 1162 434 1200 tale
466 1161 674 1212 praeferat.
776 1161 870 1199 sive.
929 1159 1074 1197 sivero
1106 1161 1228 1197 etiam
1255 1158 1362 1198 Flor.
1393 1157 1520 1199 Amb.
1543 1164 1584 1199 2.

224 1229 347 1269 hostis
385 1251 442 1256 —
478 1230 704 1267 servaverit.
762 1226 888 1266 hostes
926 1249 982 1257 ---
1019 1229 1257 1264 servaverint
1295 1225 1385 1266 Par.
1418 1230 1457 1266 5.
1503 1225 1670 1280 Camp.;

224 1306 382 1350 recepta
419 1304 476 1334 est
503 1298 546 1334 in
575 1294 607 1335 P
611 1310 665 1334 ar.
694 1299 732 1334 1.
758 1300 798 1334 2.
830 1303 868 1333 et
899 1296 1039 1332 nostris
1070 1302 1113 1332 ut
1149 1294 1307 1334 videtur
1344 1295 1564 1348 plerisque,
1593 1298 1672 1334 nisi

223 1365 332 1419 quod.
384 1362 491 1403 Flor.
534 1377 556 1401 8.
596 1378 658 1417 pr.
706 1377 762 1402 ΠΙ.
805 1364 1012 1401 servarint.
1156 1360 1261 1415 (1Ποίῖ
1300 1378 1380 1400 ESSE
1414 1377 1519 1403 ἩΕΓΟ.
1607 1359 1671 1401 Ita

221 1431 350 1472 Amb.
381 1437 420 1471 2.
449 1430 539 1471 Par.
569 1435 608 1470 3.
644 1430 686 1470 4.
744 1428 838 1484 quid
867 1444 958 1468 vero
1000 1429 1076 1481 (de
1109 1428 1205 1484 quid
1228 1437 1304 1469 tac.
1336 1427 1499 1483 Spald.)
1528 1428 1666 1471 Tmic.

225 1499 366 1552 Camp.
427 1498 531 1552 quod
557 1508 612 1536 est
643 1513 734 1536 vero
764 1495 886 1536 Amb.
923 1501 959 1536 1.
987 1495 1078 1536 Par.
1104 1501 1141 1537 1.
1162 1502 1202 1537 2.
1223 1500 1262 1537 5.

336 1571 371 1620 §,
403 1573 472 1608 32.
531 1576 678 1604 tantum
713 1567 812 1602 inter
848 1580 901 1604 sc.
960 1566 1012 1603 in.
1042 1580 1074 1603 s.
1108 1573 1136 1604 t.
1169 1562 1306 1617 Camp.
1359 1563 1471 1617 [Neo
1511 1566 1669 1606 videtur

221 1647 372 1676 tantum
402 1638 516 1674 aliter
553 1635 679 1685 accipi
710 1633 852 1671 debere
882 1647 1002 1686 quam
1030 1631 1316 1683 tantummodo,
1350 1647 1442 1670 cum
1473 1641 1588 1671 antea
1619 1634 1668 1672 de

219 1719 356 1758 pugna
386 1704 545 1742 honesti
578 1710 616 1739 et
650 1702 756 1738 utilis
793 1700 945 1738 dictum
974 1698 1056 1750 sit.]
1173 1710 1438 1753 expugnatur.
1497 1716 1668 1754 oppugn.

220 1776 341 1812 etiam
373 1770 513 1823 Camp.
570 1784 690 1823 pugn.
720 1769 830 1806 Flor.
869 1782 891 1804 a
924 1783 983 1819 pr.
1020 1782 1078 1806 m.
1132 1769 1308 1820 Recepta
1338 1770 1464 1806 estin
1500 1766 1608 1807 Flor.
1643 1783 1668 1807 a

217 1856 296 1880 sec.
327 1854 386 1878 m.
426 1835 549 1878 Amb.
589 1840 625 1875 1.
747 1833 796 1872 ab
826 1835 887 1873 iis.
956 1835 1004 1872 ab
1035 1834 1095 1872 his
1137 1837 1257 1873 etiam
1292 1832 1412 1873 Amb.
1447 1839 1484 1874 1.
1523 1833 1665 1889 Camp.

219 1907 331 1949 Sich,
468 1905 622 1952 dicunt,
663 1918 737 1941 non
781 1900 854 1941 sol.
899 1912 981 1955 pot.
1049 1900 1190 1955 Calnp.
1233 1901 1322 1941 (luc.
1355 1912 1440 1955 pot.
1479 1919 1553 1941 non
1589 1902 1663 1943 sol.

343 1991 418 2013 non
457 1975 549 2011 sint.
615 1968 676 2009 Ita
718 1968 809 2009 Par.
843 1973 882 2010 5.
939 1986 977 2009 η.
1009 1980 1097 2008 sunt
1125 1973 1244 2008 etiam
1281 1968 1371 2009 Par.
1406 1974 1443 2009 1.
1478 1976 1517 2010 2.
1550 1976 1590 2010 3.
1624 1972 1665 2010 4.

220 2042 384 2095 Camp.;
415 2045 458 2080 in
488 2041 630 2079 nostris
665 2039 849 2076 omnibus
879 2038 1036 2077 videtur
1063 2046 1221 2091 recepta
1253 2052 1349 2077 esse.
1465 2038 1606 2078 verbis.

217 2110 386 2149 verbum.
416 2106 539 2148 Amb.
560 2113 600 2147 2.

329 2178 366 2229 §.
399 2182 467 2216 33.
534 2185 576 2213 ut
613 2176 648 2213 si
683 2188 737 2211 ex
767 2170 882 2211 duob.
951 2174 988 2210 si
1022 2176 1151 2212 omitt.
1193 2175 1314 2212 etiam
1349 2170 1476 2211 Ajnb.
1509 2177 1550 2212 2.
1608 2187 1663 2210 ex

217 2249 345 2286 omitt.
373 2243 481 2283 Flor.
513 2257 535 2282 a
563 2257 623 2295 pr.
653 2256 708 2280 m.
765 2256 784 2278 e
815 2239 961 2278 (luobus
993 2242 1114 2278 etiam
1143 2238 1284 2292 Camp.
1399 2238 1602 2291 eligamus.

216 2314 392 2366 dig-imus
426 2312 549 2349 idem.
665 2307 904 2346 deliberavit.
964 2306 1202 2346 deliberabat
1231 2305 1352 2346 Amb.
1380 2310 1417 2345 1.
1474 2305 1663 2346 (lc-liberat

216 2380 354 2434 Camp.
388 2389 427 2418 et
458 2393 554 2417 mox
601 2386 723 2431 petat.
847 2385 977 2413 uirum
1013 2374 1161 2414 melius.
1218 2373 1280 2414 Ita
1317 2374 1426 2413 Flor.
1464 2371 1586 2414 Amb.
1619 2379 1659 2414 2.

217 2448 309 2489 Par.
331 2453 370 2486 3.
393 2448 433 2485 4.
462 2445 601 2498 Camp.
631 2443 741 2484 Sich.
773 2444 864 2482 sort.
895 2441 1022 2482 Amb.
1045 2447 1082 2482 1.
1145 2446 1196 2481 sit
1225 2445 1406 2481 inserunt
1437 2440 1529 2481 Par.
1561 2446 1598 2481 1.
1618 2447 1659 2482 2.

329 2515 513 2567 Itemque.
590 2512 771 2566 Idemque
808 2513 928 2549 etiam
964 2509 1073 2550 Flor.
1110 2509 1234 2550 Aan.
1270 2515 1309 2550 2.
1349 2508 1437 2548 Par.
1475 2513 1512 2548 1.
1544 2514 1583 2549 2.
1618 2512 1658 2547 3.

218 2580 357 2635 Camp.
420 2582 537 2628 Ilcm,
572 2583 714 2620 omisso
741 2595 832 2633 que,
866 2576 996 2617 Colin.

331 2651 368 2698 §.
399 2650 466 2688 34.
528 2648 683 2688 incidet.
738 2645 873 2685 incidit
905 2643 1015 2685 Gibs.
1049 2644 1166 2695 Obr.‚
1190 2660 1272 2683 non
1295 2645 1501 2683 addicente
1530 2642 1655 2682 Amb.

222 2722 255 2755 1.
352 2719 416 2765 rei,
442 2733 553 2770 quae.
614 2719 649 2755 ci
674 2731 770 2770 quae
798 2713 901 2756 Flor.
932 2727 954 2752 a
973 2728 1031 2766 pr.
1052 2727 1105 2752 111.
1135 2712 1245 2753 Alm.
1274 2712 1397 2752 Amb.
1419 2717 1452 2751 1.
1483 2726 1505 2749 a
1524 2726 1582 2763 pr.
1604 2726 1653 2749 m.
