1775 3091
152 226 206 266 48
591 221 864 278 Supplemenia
892 223 1153 263 annotationis

153 337 204 395 (e
235 340 379 394 quibus
419 339 489 378 ille
530 352 685 391 semper
721 338 804 376 fere
843 352 936 376 cum
971 334 1093 377 Goth.
1140 344 1180 376 et
1210 335 1329 378 Voss.
1364 342 1405 379 2.
1445 333 1592 392 facit)3

150 407 276 449 Amb.
298 412 337 446 2.
369 408 531 457 siletur,
571 413 617 445 ut
643 403 766 446 Bern.
791 402 910 444 Voss.
934 409 995 456 3.‚
1043 419 1218 459 quorum
1244 406 1384 444 similis
1415 413 1496 456 θεῖς
1546 405 1596 443 de

150 475 214 515 his
259 474 343 514 vid.
386 472 526 527 Spald.
565 481 718 511 notam.
833 474 1010 512 sinemus.
1070 474 1241 511 sinamus
1277 471 1386 512 Jens.
1428 481 1467 511 et
1504 472 1594 511 edd.

151 552 316 598 posterr.
345 550 437 580 ante
469 540 604 588 sich„
643 554 737 578 cum
769 536 891 580 Goth.
932 586 935 587 ⁷
1007 555 1033 578 a
1064 538 1149 579 lusu
1175 542 1296 580 etiam
1323 539 1429 579 Flor.
1466 537 1594 579 Amb.

153 616 191 651 1.
213 616 254 651 2.
314 624 340 647 a
361 607 462 647 luxu
482 607 637 660 Camp..
697 606 747 645 ab
766 623 838 645 usu
865 606 989 647 Paris.
1014 611 1051 647 1.
1074 613 1114 647 2.
1230 607 1367 657 Ditis5
1397 609 1453 646 ita
1475 608 1598 646 etiam

149 677 257 719 Flor.
284 675 412 716 Amb.
434 681 473 715 2.
505 673 630 715 Paris,
655 680 694 715 1.
715 679 755 714 2.
779 679 817 716 3.
851 673 991 728 Camp.
1025 673 1152 728 Obr.3
1196 673 1294 713 dites
1321 673 1449 714 Amb.
1471 678 1510 714 1.

152 747 266 801 quasi
300 759 404 783 vero.
465 758 542 796 qua
580 757 618 782 v.
659 741 796 784 Turio.
836 758 859 783 a
896 758 957 796 pr.
998 757 1079 793 m.3
1130 758 1152 781 a
1187 757 1242 781 m.
1274 757 1350 781 sec.
1385 757 1506 795 quare
1531 756 1595 789 v.‚

149 824 197 855 ut
227 812 366 864 Camp.
481 812 743 863 imposuerunt
772 809 910 850 Tul-ic.
944 807 1079 850 Guelf.
1111 806 1233 849 Goth.
1270 807 1410 862 Camp.

264 881 299 929 §.
334 881 400 918 35.
459 879 694 929 nominares
737 881 795 918 ita
833 876 998 930 Spald.‚
1042 878 1133 915 fort.
1183 890 1394 928 operarum
1439 890 1594 927 errore3

151 950 271 990 ceteri
307 948 417 984 enim
455 947 671 994 nominari,
723 954 763 985 et
789 945 904 985 codd.
916 974 929 992 ,
972 953 1171 998 quantum
1207 944 1349 994 Video,
1389 943 1495 981 nihil
1524 958 1598 982 va-

148 1021 267 1057 riant.
393 1029 439 1051 ea
473 1023 599 1066 parte.
667 1015 708 1052 in
748 1029 792 1053 εα
825 1031 866 1068 p.
909 1012 1047 1052 Turio.
1086 1009 1195 1050 Flor.
1236 1009 1363 1050 Amb,
1397 1016 1435 1050 1.
1477 1008 1596 1051 Ahn.

148 1084 267 1126 Bodl.
321 1079 442 1122 Goth.
493 1078 627 1121 Guelf.
671 1079 790 1121 Voss.
821 1086 861 1121 2.
904 1079 1053 1119 Baliol.
1097 1068 1384 1132 Camquens.
1425 1087 1465 1119 et
1503 1078 1595 1118 edd.

148 1161 313 1207 posterr.
348 1157 440 1187 ante
470 1146 600 1187 Stoer.
634 1163 743 1201 quae.
802 1147 928 1187 Amb.
956 1153 993 1186 1.
1027 1162 1116 1200 qua.

262 1220 294 1272 ξ.
329 1220 395 1256 36.
455 1215 531 1254 sibi
560 1231 638 1255 om.
670 1219 792 1254 etiam
822 1214 957 1255 Turio.
991 1213 1110 1268 (cum
1139 1229 1219 1268 quo
1249 1212 1426 1254 Florent.
1448 1216 1594 1266 facere,

148 1299 398 1343 quamquam
425 1298 510 1322 non
537 1292 806 1333 memoratur,
854 1297 1088 1336 persuasum
1128 1280 1286 1336 habeo)
1324 1282 1448 1322 Amb.
1483 1287 1520 1322 1.
1553 1288 1594 1323 2.

149 1355 281 1409 (unde
321 1353 576 1392 verisimilius
615 1353 681 1402 fit,
731 1354 854 1390 etiam
893 1350 1007 1389 Voss.
1029 1355 1065 1390 1.
1089 1355 1129 1390 3.
1168 1348 1292 1390 Bern.
1335 1365 1428 1389 cum
1459 1347 1594 1389 Guelf.

148 1418 402 1474 consentire)
440 1418 531 1459 Par.
558 1423 595 1458 1.
621 1424 660 1459 2.
683 1423 720 1459 6.
756 1418 896 1471 Camp.
928 1417 1035 1458 Jens.
1065 1427 1103 1457 et
1135 1426 1227 1458 cett.
1261 1419 1350 1457 edd.
1379 1427 1470 1456 aute
1493 1415 1594 1456 Bad.

236 1488 280 1530 G.
327 1486 510 1526 Granius,
575 1484 764 1525 Gavinius
805 1486 913 1537 (om.
955 1485 1027 1541 C.)
1069 1484 1206 1525 Turio.
1246 1484 1354 1525 Flor.
1393 1484 1520 1525 Amb.
1555 1489 1592 1524 1.

148 1559 289 1611 Camp.
353 1553 500 1594 Gavius
519 1551 645 1593 Amb.
666 1560 705 1594 2.
728 1553 791 1607 (ut
811 1552 954 1609 Bel-n.)
1018 1552 1202 1592 Caninius
1231 1552 1354 1593 Paris.
1374 1558 1414 1592 2.
1478 1551 1596 1592 Caius

145 1628 271 1669 Paris.
303 1629 339 1664 1.
451 1624 574 1676 juvit,
628 1637 651 1661 a
680 1620 819 1675 Spald.
851 1624 1087 1675 probatum,
1126 1623 1201 1659 ins.
1235 1623 1355 1660 etiam
1392 1619 1518 1660 Amb.
1551 1625 1592 1660 2.

143 1695 234 1736 Pax.
257 1698 294 1733 1.
317 1697 356 1732 2.
382 1695 420 1730 6.
537 1692 634 1728 uiuit
662 1688 769 1729 Flor.
829 1693 893 1731 ιωῖ
926 1688 1060 1729 Turio.
1094 1704 1115 1727 a
1135 1704 1194 1741 pr.
1217 1703 1271 1727 m.
1304 1688 1496 1740 (paulum
1517 1690 1594 1726 ali-

145 1773 228 1811 ter,
277 1776 321 1800 ac
364 1757 502 1811 Spald.
542 1759 666 1810 praef.
708 1756 805 1797 Vol.
837 1755 857 1795 Ι
887 1772 976 1810 pag.
1009 1754 1226 1796 LXXVII
1253 1754 1498 1809 indicavit)3
1539 1758 1591 1795 31.

143 1846 200 1870 111.
236 1829 404 1878 delevit3
455 1827 553 1864 inuit
582 1824 705 1864 Paris.
737 1829 775 1863 1.
797 1830 835 1863 2.
864 1830 901 1864 5.
928 1829 964 1863 6.
1026 1827 1149 1862 innuit
1182 1822 1345 1876 Camp.;
1391 1821 1520 1863 Aan.
1553 1827 1591 1862 1.

144 1901 295 1938 siletur.
413 1892 459 1931 cle
493 1908 613 1931 causa
642 1890 726 1930 ead.
759 1890 867 1931 Flor.
985 1893 1187 1947 affirmant
1224 1890 1360 1930 Turio.
1393 1905 1416 1928 a
1443 1906 1503 1943 pr.
1534 1905 1591 1931 m.

144 1965 250 2006 Flor.
291 1962 410 2002 Bodl.
452 1958 597 2000 Banol.
639 1958 756 1998 Voss.
784 1964 820 1999 1.
847 1964 885 1999 3.
927 1956 1061 1999 Guelf.
1106 1958 1246 2012 Camp.
1285 1958 1468 1999 Jens.·et
1499 1969 1590 2000 cett.

145 2033 236 2071 edd.
280 2039 370 2069 ante
411 2027 539 2074 Bad.,
593 2041 675 2066 acc.
718 2027 827 2066 Sich.
943 2029 984 2065 in
1021 2029 1160 2065 invent.
1201 2025 1336 2066 Turio.
1377 2042 1399 2066 a
1427 2042 1482 2067 111.
1512 2043 1590 2068 sec.

144 2100 263 2140 Bodl.
304 2096 450 2137 Baliol.
489 2093 598 2134 Jens.
639 2104 678 2133 et
717 2095 816 2132 aliae
855 2094 944 2133 edd.
978 2103 1068 2133 ante
1099 2093 1210 2133 Sich.
1329 2096 1399 2134 ait.
1451 2093 1593 2133 Aelius

145 2167 282 2208 Turio.
322 2167 431 2205 Flor.
471 2161 560 2202 Par.
590 2167 626 2201 1.
650 2167 690 2201 2.
715 2166 751 2200 6.
794 2159 865 2215 (iu
895 2162 988 2200 edit.
1017 2160 1123 2200 Pott.
1147 2166 1183 2200 1.
1207 2166 1246 2201 2.
1270 2166 1307 2200 3.
1329 2164 1404 2213 5.)
1447 2160 1588 2215 Camp-

145 2234 270 2276 Amb.
293 2239 331 2274 2.
386 2230 438 2270 L.
481 2244 561 2269 om.
604 2232 725 2268 etlam
765 2227 891 2268 Amb.
927 2234 988 2280 1.;
1040 2243 1140 2266 num
1170 2230 1226 2266 ait
1253 2230 1382 2280 legat,
1421 2237 1588 2270 tacetur.

224 2304 323 2357 petit
352 2297 476 2338 Paris.
497 2303 536 2337 2.
570 2294 692 2337 Goth.
724 2312 815 2336 cum
845 2299 1044 2350 plerisque
1076 2296 1167 2334 edd.
1198 2304 1294 2335 vett.

260 2371 296 2420 §.
332 2372 399 2407 37.
459 2364 562 2419 quod
592 2367 632 2403 in
661 2381 717 2404 co.
778 2367 871 2419 quia
905 2368 947 2402 in
979 2380 1020 2403 co
1050 2362 1150 2403 Tur.
1180 2361 1295 2403 Alm.
1327 2362 1433 2403 Flor.
1459 2363 1586 2406 Amb.

147 2443 185 2478 1.
215 2437 334 2477 Voss.
360 2439 397 2474 1.
423 2432 562 2486 Camp.
586 2431 699 2473 Sieh.
806 2431 995 2484 gragulos
1024 2430 1150 2471 Amb.
1177 2436 1213 2470 1.
1245 2428 1367 2471 Goth.
1464 2432 1589 2472 voluit

141 2520 244 2558 pers,
272 2502 353 2543 Cic.
384 2501 510 2543 Amb.
535 2507 572 2541 1.
690 2499 743 2540 ad
760 2516 842 2538 eum
867 2501 965 2537 enim
985 2498 1135 2538 scribit.
1194 2498 1305 2538 Haec
1323 2502 1442 2540 inser.
1465 2504 1586 2540 etiam

145 2570 282 2611 Turio.
313 2570 418 2610 Flor.
448 2567 574 2609 Amb.
595 2575 636 2610 2.
666 2566 758 2608 Par.
784 2573 821 2606 1.
843 2571 883 2606 2.
909 2570 946 2606 6.
979 2566 1119 2620 Camp.
1148 2564 1248 2607 Obr.
1282 2569 1374 2608 sort.
1395 2567 1521 2608 Amb.
1545 2572 1583 2607 1.

259 2639 292 2691 ᾗ.
326 2642 390 2676 38.
446 2635 525 2675 Sed
553 2637 626 2677 hoc
655 2636 756 2675 tanti
792 2634 943 2673 habent
973 2637 1093 2673 etiam
1122 2632 1221 2673 Tur.
1251 2633 1358 2674 Flor.
1387 2632 1513 2674 Amb.
1539 2641 1580 2675 2.

145 2701 268 2745 Paris.
301 2708 338 2744 1.
371 2709 410 2745 2.
440 2708 478 2744 6.
519 2702 658 2757 Camp.
707 2704 798 2742 fort.
839 2699 966 2741 Amb.
999 2705 1036 2741 1.
1108 2701 1232 2755 [Hoc
1260 2711 1406 2741 vertere
1441 2704 1583 2756 opino:
