1775 3091
241 206 320 247 304
668 200 939 259 Supplementa
979 202 1240 243 annotationis

349 320 388 372 §.
419 324 488 361 22.
545 327 624 357 aut.
666 314 801 357 Guelf.
822 313 960 368 Camp.
980 325 1122 357 autem.
1214 316 1433 372 conficitur.
1482 312 1611 357 Amb.
1632 320 1672 357 1.

237 388 418 446 efficitur.
523 383 622 424 nihil
639 382 706 423 ad.
754 380 890 424 Guelfi
911 386 1029 423 inser.
1050 382 1170 424 aliud.
1271 394 1326 422 est
1346 398 1452 423 vera.
1485 380 1611 424 Amb.
1634 388 1672 423 1.

237 459 274 495 si
289 470 409 504 vera,
459 468 481 493 a
500 467 576 494 sec.
600 465 654 489 m.
685 451 736 488 sit
763 465 800 491 υ.
812 479 825 499 ,
865 466 958 490 cum
978 449 1084 491 Flor.
1201 461 1243 490 ut
1269 453 1356 489 vim.
1403 448 1536 498 Amb4
1560 454 1598 489 1.
1625 466 1673 488 na

236 524 340 573 vim,
394 536 416 561 a
435 535 512 559 sec.
536 533 590 557 m.
622 532 715 558 cum
737 516 842 558 Flor.
872 528 913 556 ut
941 535 986 557 ne
1015 520 1108 558 vim.
1225 519 1385 574 affirat.
1424 515 1552 560 Amb.
1581 522 1618 556 1.
1642 531 1673 557 fi

234 604 312 630 sec.
329 603 385 627 m.
406 586 592 643 adferret.
678 594 720 624 ut
739 584 860 623 hostis
883 602 962 639 rep.
1010 584 1138 628 Amb.
1161 591 1197 627 1.
1219 603 1298 640 rep.
1320 603 1358 625 u.
1378 585 1416 626 Ιι.
1471 583 1610 624 TurIc.
1631 600 1670 623 ιι.

235 657 275 696 Ιι.
300 653 457 710 repellit.
547 651 737 693 Clodium.
777 652 883 692 Flor.
905 652 972 692 hic
993 662 1032 693 et
1051 669 1168 707 supra
1198 652 1415 694 Claudium.
1506 649 1675 691 ostendi-

234 740 330 765 mus.
379 720 515 761 Turic-
540 718 675 760 Guelf.
696 718 941 775 ffnclimus.

345 801 382 851 §.
414 805 483 841 23.
545 798 655 840 Clod.
687 800 757 838 ins.
815 797 955 851 Camp.
983 800 1058 838 in's.
1098 796 1210 838 Clod.
1337 813 1430 837 vera
1457 814 1550 838 esse.
1605 795 1674 837 Sic

234 870 355 908 etiam
374 867 405 907 F
407 870 482 910 lor„
586 868 745 906 intentio
765 890 822 897 --
843 881 938 906 vera
959 868 1166 907 connexio.
1222 863 1291 905 Sic
1318 868 1440 904 etiam
1457 864 1562 905 Flor.

345 947 381 998 §.
412 946 480 986 24.
540 946 748 986 oratorius.
804 943 933 986 Amb.
957 949 994 984 1.
1025 942 1115 984 Par.
1141 949 1178 984 1.
1206 945 1326 983 etiam
1355 943 1590 982 oratoribus.

228 1024 448 1069 propterea.
499 1009 628 1054 Amb.
651 1017 689 1052 1.
715 1013 835 1051 etiam
854 1022 1029 1066 propter.
1137 1013 1295 1051 intenta.
1344 1009 1411 1050 Sic
1441 1013 1560 1050 etiam
1586 1008 1674 1049 Par.

234 1086 272 1122 1.
294 1086 334 1121 2.
395 1079 605 1121 Omittunt
623 1078 748 1121 Amb.
778 1084 817 1120 1.
846 1079 952 1120 Flor.
986 1094 1105 1119 asec.
1127 1094 1182 1119 m.
1269 1089 1512 1118 contentum.·
1545 1076 1674 1120 Amb.

234 1153 273 1188 1.
303 1147 410 1188 Flor.
434 1150 554 1187 etiam
578 1157 772 1187 contenta.

344 1228 378 1280 §.
408 1229 478 1268 25.
534 1228 677 1264 virtute
703 1249 760 1257 --
788 1233 928 1279 potest.
971 1222 1179 1266 Omittunt
1206 1226 1326 1264 etiam
1353 1222 1477 1265 Amb.
1501 1229 1540 1265 1..
1568 1221 1675 1263 Flor.

315 1310 388 1348 quo
409 1309 531 1334 nemo,
581 1291 701 1335 Goth.
729 1294 820 1347 quia
848 1307 970 1331 nemo.
1085 1294 1297 1346 qnisquam.
1348 1291 1474 1332 Amb.
1498 1296 1536 1332 1.
1566 1289 1675 1330 Flor.

234 1363 356 1401 etiam
377 1363 545 1416 quisque.
658 1369 784 1414 potest
806 1362 903 1414 quis.
950 1358 1057 1400 Flor.
1080 1361 1237 1414 quisquc
1254 1369 1394 1413 potest.
1492 1358 1676 1413 Enthym.

230 1453 287 1465 ,-
314 1429 491 1481 pecunia.
552 1426 760 1468 Omittunt
791 1429 912 1465 etiam
944 1424 1051 1466 Flor.
1177 1425 1280 1464 male
1315 1428 1374 1465 uti
1407 1436 1548 1480 potest.
1607 1423 1675 1465 Sic

232 1498 353 1536 etiam
380 1493 484 1533 Flor.

346 1573 383 1626 ξ.
413 1577 483 1613 26.
543 1587 641 1627 quae
661 1582 716 1610 est
740 1573 789 1611 in.
828 1569 967 1624 Camp.
990 1586 1059 1625 que
1077 1571 1127 1609 in.
1211 1568 1370 1622 legavit.
1412 1569 1547 1611 Turio.
1571 1570 1676 1624 liga-

232 1643 298 1681 rit.
383 1655 482 1695 quac
501 1641 614 1676 estin
635 1649 796 1691 argento
818 1662 873 1669 --
897 1637 1069 1676 Oratori.
1129 1634 1267 1689 Camp.
1299 1646 1429 1676 totum
1455 1640 1592 1677 locum
1618 1641 1675 1678 sic

234 1709 420 1759 corripit:
455 1722 552 1761 quae
572 1715 628 1744 est
651 1716 851 1757 argentum
871 1704 1027 1756 legavit.
1083 1701 1258 1743 Orator-i.
1342 1704 1509 1745 habebit.
1546 1704 1672 1746 Amb.

238 1780 276 1816 1.
310 1773 418 1813 Flor.
464 1781 502 1812 et
531 1775 607 1826 ipsi
644 1771 797 1812 habeat.
862 1769 995 1812 Guelf.
1033 1773 1184 1810 omittit
1223 1773 1358 1810 omnia
1390 1774 1437 1810 ab
1473 1783 1675 1826 argentum

233 1852 361 1882 autem
384 1839 613 1893 adlegavit.
721 1855 841 1881 omne.
892 1837 1000 1879 Flor.
1029 1840 1150 1878 etiam
1179 1854 1338 1879 omnem.
1396 1841 1486 1880 Hoc
1513 1849 1552 1880 et
1571 1855 1673 1896 quae

232 1917 454 1965 sequuntur
476 1917 568 1947 ante
593 1917 751 1960 argento
767 1905 913 1966 ACamp.
936 1908 1098 1946 omittit.

346 1989 382 2041 §.
415 1990 483 2027 27.
542 1985 682 2042 syllog.
705 1984 867 2040 quidem.
916 1983 1026 2024 Flor.
1047 2000 1082 2038 q.
1105 1999 1139 2024 s.
1226 1994 1268 2022 ut
1288 1987 1330 2023 in
1346 1987 1535 2027 oratione.
1582 1985 1674 2028 Par.

233 2061 272 2097 1.
294 2061 332 2096 2.
361 2057 482 2094 etiam
506 2064 548 2092 ut
577 2056 658 2092 sine
683 2054 842 2092 ratione.
955 2054 1014 2091 uti
1040 2051 1165 2109 nefas.
1219 2049 1325 2091 Flor.
1357 2069 1394 2093 n.
1429 2070 1468 2094 u.
1581 2070 1674 2095 non.

231 2123 358 2164 Amb.
381 2127 417 2163 1.
438 2121 545 2162 Flor.
569 2124 687 2161 etiam
710 2122 912 2160 omittunt.
1014 2129 1193 2160 constare
1213 2127 1347 2159 totam.
1394 2119 1530 2161 Turic.
1559 2136 1583 2160 a
1607 2137 1671 2174 pr.

231 2207 289 2232 m.
321 2200 514 2244 cormicy-et
545 2198 679 2228 totum,
809 2203 983 2239 aggrcsS.
1019 2208 1072 2217 --
1104 2185 1268 2240 euthym.
1327 2184 1448 2226 Amb.
1484 2193 1521 2228 1.
1550 2191 1672 2228 etiam

232 2259 517 2311 aggressionem
545 2271 599 2294 ex
630 2254 793 2309 enthym-
842 2253 948 2294 Flor.
981 2254 1270 2306 aggressionem
1289 2263 1324 2291 et
1345 2254 1508 2309 euthym.
1557 2254 1668 2297 Jens.

231 2324 355 2366 Tarv.
378 2325 625 2378 aggressione
645 2338 700 2362 cx
718 2321 883 2376 enthym.
971 2319 1306 2374 disputationibuS.
1347 2319 1454 2361 Flor.
1475 2321 1671 2377 discepta-

231 2392 414 2432 tionibus.
512 2393 611 2431 inter
633 2405 684 2430 se.
738 2386 872 2429 Guelf.
893 2390 933 2427 in
951 2404 1005 2428 se.

343 2474 379 2524 §.
411 2474 480 2510 28.
537 2468 610 2508 illi.
640 2466 782 2519 {Amb.
804 2471 840 2507 1.
871 2465 980 2508 Flor.
1004 2480 1163 2520 quoque
1181 2464 1275 2504 illis.
1390 2465 1665 2521 scrupulosius.

231 2536 365 2578 Turic.
386 2552 409 2577 a
427 2552 487 2590 pr.
508 2550 563 2576 m.
582 2533 831 2589 scrupulosis.
940 2533 1167 2589 perducunt.
1217 2532 1322 2574 Flor.
1343 2548 1365 2573 a
1386 2549 1446 2588 pr.
1468 2549 1523 2574 m.
1545 2532 1667 2572 dedu-

234 2616 337 2645 cunt.
451 2603 658 2643 vindicent.
715 2601 819 2643 Flor.
848 2599 971 2643 Goth.
1001 2600 1140 2654 Camp.
1165 2600 1378 2643 vendicent.
1486 2616 1661 2655 quarum.

235 2668 374 2724 Camp.
404 2687 577 2727 quorum.
