1775 3091
409 240 461 280 ml
493 236 652 289 Quintil.
682 234 806 274 Instit.
831 232 884 282 X,
911 237 945 273 1.
977 233 1012 285 §-
1031 233 1228 274 26—50.
1461 231 1543 271 413

185 357 348 394 inveniri
366 379 419 384 —-—
438 356 518 408 qui.
558 351 647 391 Par.
675 355 709 390 i.
734 356 776 390 2.
804 351 843 388 in
867 350 1028 386 veritate
1051 356 1194 384 tumens
1209 353 1430 398 potensque.

102 434 211 461 (erle.
255 423 338 462 Par.
364 428 399 462 1.
424 428 461 462 2.
487 431 673 460 caeterae.
757 418 1013 471 posteritatis.
1056 413 1145 454 Par.
1168 417 1204 452 1.
1230 417 1267 452 2.
1291 414 1402 452 artis.

213 504 249 552 §.
283 503 349 541 42.
410 498 572 555 φράσιν.
622 497 711 536 Par.
744 500 783 534 1.
812 500 852 535 2.
883 492 1084 547 ἇφὲρεσιν.
1156 490 1387 546 [Meliores
1413 500 1543 530 tamen

99 570 377 622 Spaldingiani
401 569 532 606 latinis
552 566 690 603 litteris
707 594 717 612 ,
745 571 784 601 et
814 563 917 600 infra
949 563 984 613 ξ.
1009 567 1061 602 87
1093 560 1267 611 omnes]
1354 575 1539 598 accomm.

117 635 199 676 scr.
241 635 331 675 Par.
358 642 392 674 1.
420 641 458 674 2.
478 649 555 672 sec.
574 646 628 670 m.
652 633 770 669 inser.
790 640 861 669 est.

211 715 247 765 §.
281 715 335 752 44
411 716 594 766 ipsorum.
643 708 733 749 Par.
770 713 807 748 1.
841 713 878 748 2.
910 709 1028 762 ipsos.
1128 705 1202 744 alti
1228 707 1388 759 spiritus
1414 703 1545 760 plena.

96 781 186 821 l'ar.
209 787 247 821 2.
270 779 373 820 alias
392 782 559 834 spurciis
580 777 709 832 plena.
768 775 857 816 Par.
885 781 921 815 1.
950 774 1053 814 alias
1083 777 1288 827 spurcitiis
1306 773 1435 828 plena.

99 851 331 888 summatim.
370 847 459 888 Par.
484 853 519 888 1.
536 852 574 886 2.
596 860 759 884 summa.
848 843 941 899 quid
958 853 1006 882 et.
1048 841 1138 882 Par.
1163 847 1200 881 1.
1215 848 1252 882 2.
1276 845 1369 896 quia
1390 852 1437 882 et.

96 928 222 970 perere
251 919 414 970 possint.
468 915 558 955 Par.
584 919 621 953 1.
644 919 683 953 2.
711 915 849 967 possit,
878 926 956 952 om.
980 922 1120 966 petere.
1207 913 1274 964 qui
1302 926 1372 949 con
1409 926 1548 950 rmare.

99 984 191 1024 Par.
219 989 254 1023 1.
279 989 318 1023 2.
343 1000 442 1038 quae
463 982 665 1039 conftrre,
694 991 832 1035 petere.

214 1067 249 1115 §.
281 1063 347 1101 45.
406 1063 503 1099 enim
527 1062 713 1113 quisunt.
755 1059 845 1099 Par.
869 1064 905 1098 1.
927 1064 968 1099 2.
991 1068 1079 1096 sunt
1098 1073 1157 1097 en.
1245 1059 1322 1095 sint
1341 1057 1414 1097 his.
1458 1056 1550 1098 Par.

104 1136 139 1170 1.
165 1136 204 1171 2.
229 1140 316 1169 sunt
335 1129 373 1168 ἦ.
462 1130 527 1182 qui
547 1145 571 1166 α
590 1144 659 1166 me·
699 1127 790 1167 Par.
817 1132 854 1166 1.
877 1132 915 1167 2.
940 1141 1020 1166 om.
1052 1141 1077 1164 a
1094 1142 1161 1164 me.

215 1210 250 1259 §.
281 1209 348 1247 46.
410 1206 548 1259 [Nihil
566 1205 768 1247 Parisinus
793 1207 920 1245 editor
950 1206 999 1243 de
1026 1207 1147 1244 verbo
1166 1206 1243 1243 vim
1265 1207 1309 1243 in
1335 1205 1450 1244 codd.
1471 1207 1553 1245 suis

102 1279 266 1316 invento
288 1278 353 1315 vel
373 1290 456 1314 non
473 1277 652 1314 invento.
714 1272 972 1328 Quamquam
1000 1287 1052 1311 ne
1083 1287 1179 1325 opus
1200 1273 1363 1326 quidem
1385 1282 1442 1312 est
1458 1275 1552 1324 illis,

103 1360 197 1384 cum
217 1345 267 1383 ad
286 1344 452 1383 Homeri
472 1345 747 1382 auctoritatem
764 1344 906 1395 optimi
926 1343 1019 1380 libri
1042 1339 1325 1393 Spaldingiani
1347 1341 1550 1392 accedant,

104 1421 149 1451 ut
166 1422 253 1452 tuto
272 1415 392 1464 possit
411 1411 585 1462 omitti.]
672 1411 925 1464 superaverit.
976 1407 1067 1448 Par.
1092 1412 1128 1447 1.
1151 1413 1192 1448 2.
1214 1411 1425 1461 superavit.

218 1492 251 1541 ᾗ.
281 1493 348 1530 47.
410 1488 751 1528 consolationibus.
791 1487 882 1527 Par.
915 1491 953 1526 1.
986 1491 1025 1526 2.
1053 1484 1470 1541 consolationibusque.

104 1575 227 1598 nonne
249 1573 282 1596 v.
307 1573 441 1596 nonus,
483 1556 575 1597 Par.
600 1561 638 1595 1.
658 1572 696 1595 n.
718 1571 755 1595 v.
780 1571 888 1594 unus.
925 1552 1017 1594 Par.
1035 1559 1075 1594 2.
1107 1569 1184 1593 non
1201 1568 1236 1592 v.
1258 1571 1368 1593 unus.

218 1640 254 1688 ξ.
286 1636 353 1675 48.
412 1652 486 1674 non
508 1638 548 1673 in
569 1651 600 1672 s,
640 1633 729 1673 Par.
755 1638 791 1672 1.
812 1635 950 1673 2.'0m.
972 1635 1025 1670 in.
1113 1634 1281 1686 utriusq.
1305 1636 1444 1687 operis.
1486 1632 1554 1674 Sic

105 1704 195 1744 Par.
220 1709 257 1742 1.
283 1708 322 1742 2.
411 1704 606 1754 ingressus
624 1703 665 1739 in
682 1718 722 1754 p.
765 1699 833 1739 Sic
853 1698 945 1738 Par.
968 1703 1005 1738 1.
1029 1704 1069 1739 2.

221 1774 255 1821 §.
290 1770 357 1809 49.
421 1779 621 1822 ceteraque
641 1784 747 1822 quae.
787 1766 878 1806 Par.
896 1771 931 1805 1.
944 1772 983 1805 2.
1001 1777 1154 1805 caetera
1173 1782 1356 1820 quaeque.
1415 1768 1557 1823 [Spal-
1573 1763 1576 1765 Δ

109 1840 298 1891 dingiana
323 1839 538 1889 scriptura,
582 1838 684 1875 sicut
714 1836 898 1874 codicum
929 1849 1022 1873 mss.
1052 1836 1173 1874 fidem
1199 1844 1352 1886 servat,
1394 1838 1449 1876 ita
1470 1839 1555 1876 for-

108 1921 217 1945 mam
237 1907 421 1943 orationis
441 1904 669 1955 pessundat.
729 1902 835 1942 Nam
860 1905 926 1941 isti
951 1900 1131 1942 Genitivi
1150 1918 1243 1942 omn
1271 1919 1370 1952 esse,
1411 1908 1555 1958 quibus

109 1989 188 2029 quo
207 1973 305 2026 quid
329 1974 525 2024 pertineat
554 1970 795 2021 ostenditur,
836 1985 919 2009 non
947 1973 1161 2010 verborum
1191 1979 1285 2010 sunt
1301 1973 1383 2011 sive
1404 1986 1556 2024 gerim-

111 2043 268 2083 diorum
282 2071 292 2089 ‚
332 2040 402 2078 sed
420 2041 633 2078 nominmn
651 2041 1010 2086 substantivormn,
1050 2048 1095 2077 ut
1122 2039 1250 2078 dicere
1275 2054 1450 2094 nequeas
1471 2055 1555 2079 rem

111 2125 193 2150 esse
221 2106 439 2162 probandi,
491 2107 559 2145 sed
589 2107 755 2157 adjicere
786 2107 953 2156 debeas,
1006 2108 1116 2156 cujus
1151 2108 1206 2144 rei
1232 2107 1460 2160 probandae
1489 2111 1554 2148 sit.

112 2176 235 2228 Quod
257 2191 349 2215 cum
373 2177 625 2227 perspicuum
643 2177 714 2225 sit,
758 2176 843 2212 noli
868 2183 908 2213 te
935 2176 979 2211 in
1007 2181 1117 2212 tanta
1137 2176 1332 2213 librorum
1350 2190 1443 2214 mss.
1466 2191 1556 2215 cor-

110 2247 293 2297 ruptione
324 2244 474 2280 nimiae
503 2242 661 2281 cuidam
690 2244 875 2294 religioni
895 2241 1100 2292 addicere,
1133 2244 1345 2295 quominus
1372 2252 1556 2283 veter-mn

111 2313 334 2352 editionum
360 2312 575 2349 lectionem
605 2312 785 2349 restituas
819 2320 1017 2363 ceteraque
1053 2309 1251 2363 probandi
1290 2321 1325 2348 et
1357 2310 1558 2368 refutandi

114 2378 378 2433 (argumenta,
410 2377 530 2430 puta)
560 2387 648 2416 sunt
669 2380 728 2416 ita
748 2377 884 2428 multa,
916 2393 996 2432 qua
1014 2380 1166 2417 ratione
1189 2379 1357 2417 verbum
1377 2394 1554 2433 quoque,

112 2447 221 2501 quod
254 2448 325 2485 vix
359 2448 492 2484 abesse
530 2454 683 2498 potest,
731 2445 981 2496 revocatur]
1096 2446 1248 2486 harum.
1299 2444 1367 2486 Sic
1396 2446 1486 2486 Par.
1512 2452 1554 2487 2.

112 2530 244 2553 earum.
293 2511 325 2552 P
329 2528 384 2552 ar.
409 2518 446 2552 1.

227 2582 259 2634 ξ.
293 2584 360 2621 50.
421 2581 581 2633 [magni
607 2582 660 2619 sit
676 2582 767 2621 viri.
815 2579 1028 2622 Genslerus
1056 2583 1099 2619 in
1127 2579 1336 2620 Analectis
1367 2596 1407 2634 p.
1430 2583 1483 2621 34
1511 2592 1555 2621 ut

111 2665 293 2701 magnum
312 2651 364 2687 sit
382 2648 636 2688 scribendum
660 2651 833 2699 censuit,
873 2652 941 2689 alii
960 2660 1001 2687 ut
1019 2650 1154 2701 magni
1170 2651 1222 2687 sit
1242 2652 1385 2689 omisso
1408 2665 1554 2689 secun-

112 2718 210 2757 dum
230 2716 261 2756 F
264 2719 337 2757 lor.
364 2715 463 2757 Tur.
483 2719 647 2756 nomine
665 2719 910 2758 substantivo
928 2719 1171 2769 maluerunt,
1201 2719 1295 2772 qui,
1323 2719 1357 2757 si
1379 2720 1555 2771 cogitent
