1775 3091
226 244 306 284 384
668 243 937 299 Supplcmenta
967 246 1227 284 annotationis

226 354 364 406 aiilla3
394 365 433 397 et
452 354 531 405 IX,
555 360 594 408 3,
610 358 661 395 66
686 354 861 395 cloatilla
882 356 1014 396 habet.
1072 359 1135 399 De
1153 355 1231 407 IX,
1251 359 1292 410 4,
1311 363 1362 401 31
1393 358 1498 398 nihil
1519 366 1660 399 enota-

225 432 314 463 tmn
343 433 414 463 681.

337 491 374 541 §.
411 496 474 531 19.
533 505 556 529 ο
576 488 688 542 leges.
734 489 940 531 omittunt
956 493 1274 543 interjectionem
1294 495 1414 532 etiam
1432 491 1555 533 Amb.
1569 497 1657 533 1.2.

334 559 370 610 §.
400 563 465 597 20.
526 556 580 596 acl
605 556 686 610 dig.
745 557 812 597 Sic
844 567 883 598 et
918 558 1042 598 Paris.
1078 564 1115 599 1.
1149 569 1189 599 et
1220 557 1342 601 Amb.
1374 565 1414 601 2.
1443 575 1576 614 neque
1606 573 1659 598 ex

219 622 342 664 Amb.
368 629 404 663 1.
436 625 652 678 quicquam
670 628 866 664 varietatis
888 634 1095 665 enotatum
1116 635 1186 667 est.

334 693 364 744 ᾖ.
379 691 445 730 24.
477 707 496 729 e
520 702 631 730 iccio.
661 691 796 731 Etiam
805 690 927 732 Amb.
943 698 980 732 1.
992 699 1031 733 2.
1058 710 1083 732 a
1101 703 1215 733 tecto.
1306 692 1428 747 Caput
1446 694 1572 731 nescio
1590 691 1658 730 ubi

221 761 442 812 impositum
461 762 580 798 etiam
596 758 719 798 Amb.
744 764 796 811 1.,
827 761 896 798 sed
913 762 1064 813 syllaba
1083 762 1134 798 im
1153 762 1301 799 lineola
1323 769 1495 799 notatur.
1525 758 1653 799 Aan.

218 832 258 866 2.
289 826 394 864 nihil
425 826 536 864 aliud
567 829 644 865 nisi
674 843 761 880 cap.
795 844 897 866 nese.
927 827 1012 865 ubi
1042 829 1118 866 im.
1188 825 1431 866 Gesneriana
1463 827 1658 865 emenda-

215 896 324 933 tione
341 896 474 933 nescio
495 896 564 947 qui
583 903 685 944 utar,
717 895 826 933 aliud
846 897 953 932 enim
972 903 1028 932 est
1048 894 1156 947 quod
1173 893 1364 946 Virgilius
1381 893 1492 933 Aen.
1512 894 1552 944 4,
1575 896 1654 932 177

216 961 265 999 de
292 963 400 999 falna
430 961 549 1001 dicit:
579 959 884 1016 Ingrediturque
914 964 998 1000 solo
1020 970 1059 1000 et
1083 970 1200 1013 caput
1222 963 1320 999 inter
1342 963 1480 999 nubila
1505 961 1653 1007 condit,

215 1029 324 1067 aliud
360 1038 475 1082 caput
501 1031 790 1082 impositum
817 1029 951 1068 nubi.
1021 1027 1165 1067 Malim
1191 1030 1271 1067 tale
1303 1028 1425 1082 quid:
1465 1036 1582 1081 caput
1610 1029 1656 1065 in

211 1098 374 1149 scopulo
404 1099 602 1148 positum,
655 1104 700 1135 ut
726 1111 872 1149 magna
901 1099 1022 1136 simul
1049 1105 1089 1135 et
1117 1097 1310 1135 deformia
1339 1110 1501 1149 corpora
1528 1097 1655 1148 signi-

211 1165 392 1203 ficentur.

324 1231 356 1283 ᾗ.
390 1234 455 1270 26.
516 1230 713 1270 arborum.
750 1229 875 1271 Amb.
900 1235 934 1270 1.
956 1247 1174 1282 ramorum,
1206 1229 1314 1285 quod
1334 1238 1462 1283 potest
1480 1230 1651 1282 placere.

323 1299 355 1350 ᾗ.
387 1303 455 1337 28.
506 1297 640 1336 clavus
662 1309 697 1336 ct
711 1315 921 1352 purpurae.
950 1297 1075 1337 Aan.
1091 1304 1124 1338 1.
1139 1299 1257 1353 affbrt
1279 1297 1399 1336 lumen
1413 1296 1653 1349 clavuspur-

206 1380 329 1417 purae
348 1367 387 1402 in
415 1364 501 1404 loco
522 1369 708 1413 insertus,
739 1366 808 1404 sed
829 1382 871 1403 us
894 1381 945 1404 ex
965 1369 1234 1413 correctione,
1258 1367 1477 1404 necessaria
1497 1373 1650 1403 tamen.

323 1433 355 1483 ξ.
387 1437 455 1471 29.
511 1435 663 1471 enitere.
710 1431 834 1470 Aan.
862 1438 897 1470 1.
920 1438 960 1472 2.
982 1448 1137 1484 prorsus
1160 1443 1204 1472 ut
1223 1432 1358 1471 Turio.
1389 1431 1495 1470 Flor-

321 1500 353 1551 ᾧ.
387 1503 454 1537 33.
511 1500 546 1536 si
567 1498 620 1537 acl
640 1498 749 1538 illam
769 1508 999 1538 extremam.
1029 1497 1155 1538 Aan.
1179 1504 1218 1538 2.
1239 1501 1273 1536 si
1289 1498 1412 1538 illam.
1460 1496 1585 1537 Amb.
1609 1499 1648 1537 1.

207 1567 243 1604 si
263 1565 336 1605 illa
357 1575 551 1606 extrema.

776 1718 808 1761 C
840 1734 867 1759 A
901 1735 937 1759 P.
997 1716 1083 1761 VI.

314 1828 473 1870 Titulus
504 1833 547 1870 in
575 1829 700 1870 Amb.
723 1836 760 1871 1.
801 1832 883 1870 DE
917 1829 1141 1871 TROPIS.

317 1900 354 1950 §.
382 1905 422 1939 2.
484 1901 606 1938 instit.
664 1898 798 1938 Etiam
828 1898 947 1939 Amb.
983 1905 1022 1940 1.
1052 1896 1334 1949 instruendum,
1375 1913 1490 1951 porro
1519 1897 1644 1940 Paris.

207 1971 246 2005 1.
280 1970 318 2005 3.

315 2033 351 2084 §.
381 2038 421 2073 7.
480 2036 607 2086 magis
625 2050 760 2089 propr.
783 2045 878 2075 erm.
927 2031 1047 2073 Amb.
1074 2037 1111 2073 1.
1144 2034 1228 2071 erit.

315 2102 350 2152 §.
386 2105 425 2141 8.
484 2101 669 2141 obtusior.
728 2100 864 2141 Etiam
900 2099 1023 2141 Amb.
1055 2104 1091 2140 1.
1141 2099 1198 2153 (si
1235 2114 1332 2153 opus
1371 2108 1429 2140 est
1469 2094 1643 2155 addere)

202 2168 418 2208 obtunsior.

315 2239 351 2286 ᾗ.
384 2241 450 2275 11.
508 2245 543 2274 ct
569 2237 755 2290 proxime
784 2243 858 2273 cet.
904 2232 1031 2275 Amb.
1057 2239 1091 2274 1.
1121 2236 1200 2286 sic,
1236 2235 1306 2274 sed
1323 2243 1410 2288 post
1431 2236 1643 2274 correctio-

202 2318 324 2343 nem:
364 2302 553 2342 audaciae
577 2319 718 2357 proma
740 2301 914 2356 periculo
945 2301 1195 2341 tranlaiionis
1220 2302 1411 2342 attolitur.

314 2373 351 2423 §.
387 2378 450 2412 12,
509 2373 632 2409 virtus
662 2369 778 2424 apud.
837 2367 1107 2423 Interponitur
1139 2371 1182 2408 in
1210 2368 1334 2410 Amb.
1358 2373 1394 2409 1.
1425 2380 1488 2420 ut,
1530 2369 1641 2425 quod

201 2439 460 2494 Spaldingius
491 2439 748 2478 desiderabat.

313 2511 350 2560 §.
385 2512 448 2547 13.
508 2517 544 2545 et
573 2523 598 2545 a
623 2514 729 2559 part.
777 2500 899 2543 Aan.
922 2508 958 2544 1.
989 2514 1022 2543 ct
1048 2503 1241 2558 partibus.

310 2576 346 2626 ᾧ.
381 2575 446 2614 14.
505 2577 546 2614 in
574 2572 816 2625 allegoriam.
870 2569 994 2612 Aan.
1023 2577 1057 2611 1.
1088 2574 1127 2610 in
1156 2571 1382 2625 allegorias-

313 2643 350 2693 §.
383 2647 448 2683 18.
506 2641 682 2681 volucres
707 2639 842 2693 pennis
873 2640 1064 2691 remigare
1089 2640 1244 2694 liquido
1273 2639 1400 2680 Aan.
1426 2643 1463 2679 1.
1519 2634 1634 2677 Idem

202 2706 277 2747 lzoc
304 2717 396 2749 ante
427 2707 630 2762 Vergilius
659 2705 742 2762 (sic
773 2703 906 2761 enim)
940 2706 1063 2746 addit.
