1775 3091
160 255 213 295 acl
229 255 360 307 Quint.
381 255 476 296 Insl.
503 253 556 305 V,
576 261 616 305 2,
640 256 679 294 4.
703 258 742 296 5.
793 259 830 294 3.
876 255 916 304 4,
945 257 981 292 1.
1002 257 1039 293 2.
1085 257 1123 302 5,
1148 257 1185 293 1.
1210 258 1250 294 2.
1299 256 1338 305 6,
1362 257 1401 294 1.
1458 258 1540 295 235

103 368 139 407 d.
163 368 200 409 Ιι.
311 368 425 423 plura
441 368 462 409 P
492 367 643 408 Plenae.
702 367 826 406 Amb.
849 371 887 406 1.
911 380 932 404 a
957 381 1014 419 pr.
1036 380 1091 406 m.
1119 368 1236 406 inser.
1257 365 1375 420 quod,
1435 365 1465 406 F
1468 369 1539 407 lor.

104 435 210 490 quicl.
266 434 405 490 Camp.
437 446 474 476 et
503 435 627 475 Amb.
652 441 691 476 2.
726 434 883 489 quibus,
915 448 1131 488 omnesque
1152 434 1346 473 exhibent
1362 433 1484 489 plene.

219 505 255 554 §.
292 511 330 544 2.
390 515 422 542 ct
455 520 578 559 quem.
638 502 746 543 Jens.
775 499 874 541 Loc.
905 499 1012 541 Ven.
1037 513 1102 541 aut
1121 519 1241 557 quem.
1357 504 1542 556 interf-rit.

104 570 238 611 Turio.
264 570 370 611 Flor.
397 586 420 610 a
446 588 503 624 pr.
524 572 742 610 m.in!e1·it.
859 584 889 623 q*
920 579 1015 607 crat.
1068 569 1194 610 Amb.
1220 574 1256 610 1.
1285 569 1453 627 atferat.

103 641 193 677 etin
211 656 333 692 quem.
405 637 542 691 Camp.
575 648 641 678 aut
662 639 702 677 in
723 652 844 690 quem.
961 647 995 675 et
1022 653 1076 676 cx
1111 655 1200 692 qua.
1259 635 1394 679 Guelf,
1419 636 1543 680 Goth.

103 704 222 746 Voss.
245 721 354 746 omn.
377 709 506 746 omitt.
528 716 578 746 ct.
692 706 765 744 erit
792 704 940 745 habita.
1001 703 1108 745 Flor.
1133 705 1172 745 Ῐι.
1199 722 1232 746 ε.
1291 704 1429 760 Camp.
1461 718 1545 747 erat

103 773 142 813 ἦ.
257 776 343 828 quis
372 776 420 814 εἰ.
479 772 618 827 Camp.
649 775 736 828 quis
766 775 876 813 enim.
987 772 1216 829 praefuerit.
1275 772 1406 815 Turic-
1439 790 1462 815 a
1487 791 1546 829 pr.

104 855 162 881 m.
183 841 390 897 prqf'uerit.
476 841 736 881 incredibilia.
780 840 847 881 Sic
868 843 988 881 etiam
1007 843 1114 881 Flor.
1202 844 1300 881 inter
1317 857 1368 882 se.
1405 839 1545 884 Turio.

104 907 212 949 Flor.
234 911 332 948 inter
357 926 448 950 sese.
562 920 752 963 coeperat.
808 907 946 950 Turio.
973 908 1081 949 Flo'r.
1111 908 1223 949 Alm.
1255 908 1393 963 Camp.
1414 927 1549 965 coepe-

107 978 172 1016 rit.
287 980 462 1016 mutarit.
514 976 622 1017 Flor.
649 992 672 1016 a
688 993 747 1031 pr.
771 992 826 1017 m.
847 987 1025 1017 mutaret.
1068 975 1182 1017 Alm.
1201 980 1377 1018 mutavit.
1423 976 1546 1020 Goth.

104 1042 218 1083 Jens.
239 1053 278 1084 et
300 1045 391 1085 edd.
415 1051 505 1085 ante
528 1044 657 1085 Stoer.
678 1048 896 1084 mutaverit.
1008 1044 1249 1099 procedente.
1299 1043 1439 1098 Camp.
1456 1063 1549 1100 pre-

106 1111 273 1152 cedente.
388 1115 577 1167 utrinque.
638 1112 773 1153 ΤΗΙ-10.
793 1112 917 1162 Flor.‚
946 1121 1113 1166 uterque
1134 1128 1155 1151 a
1174 1128 1233 1165 pr.
1253 1128 1308 1153 m.
1332 1124 1546 1169 utrumque.

105 1178 242 1219 Turio·
264 1195 286 1218 a
307 1195 384 1219 sec.
406 1195 462 1220 m.
486 1178 625 1233 Camp.
649 1192 824 1235 utraque.
877 1178 1012 1220 Guelf.
1033 1195 1155 1233 marg.
1176 1178 1299 1220 Basil.
1322 1184 1464 1236 utique.

105 1248 205 1300 ipsa.
267 1247 375 1287 Jens.
407 1257 446 1288 et
469 1248 559 1288 edd.
580 1257 671 1289 ante
692 1246 794 1288 Bad.
815 1250 1000 1302 ipsarum.

691 1372 722 1413 C
754 1387 782 1412 A
818 1388 851 1412 Ρ.
909 1371 960 1409 V.

220 1450 257 1500 ᾗ.
290 1455 328 1489 1.
387 1466 500 1504 saepe
520 1450 665 1489 (licium
693 1454 813 1490 etiam
837 1449 962 1490 Ajub.
990 1455 1027 1489 1.
1061 1449 1169 1490 Flor.
1200 1465 1222 1489 a
1248 1466 1309 1504 pr.
1339 1466 1395 1492 m⁴
1426 1455 1548 1495 omit-

106 1525 211 1556 tunt.
323 1534 436 1572 saepe
464 1517 666 1566 dicendum
698 1517 823 1557 A1nb.
853 1524 892 1558 2.
925 1533 1005 1558 om.
1121 1528 1176 1556 est
1206 1535 1305 1559 cum.
1362 1518 1483 1562 A'mb.
1510 1527 1547 1563 1.

107 1587 228 1624 inser.
251 1601 410 1639 quoque.
502 1588 618 1624 eiiam
637 1602 722 1625 acc.
784 1583 919 1626 Guelf.
942 1597 975 1624 et
996 1601 1080 1626 acc.
1178 1590 1372 1629 accusari.
1420 1588 1548 1632 Amb.

109 1657 149 1691 2.
171 1656 385 1692 accusaris.
503 1670 582 1691 esse
610 1656 698 1692 usit.
756 1651 881 1692 Amb.
915 1658 953 1692 1.
984 1670 1022 1692 ιι.
1059 1671 1088 1692 e.
1206 1653 1302 1694 Cum
1328 1658 1378 1694 sit
1407 1668 1549 1699 autem.

110 1717 244 1759 Guelf.
270 1736 349 1759 om.
376 1724 439 1761 sit.
500 1719 622 1761 Goth.
652 1737 685 1759 c.
715 1722 773 1758 sic
802 1730 939 1759 autem.
1056 1723 1186 1761 tutius.
1249 1712 1382 1761 Guelf.
1415 1728 1550 1766 fotium

195 1788 376 1843 acflzcil.
437 1787 561 1827 Amb.
586 1793 623 1827 1.
645 1787 751 1826 Flor.
775 1786 914 1838 camp.
941 1786 1109 1842 autfac.
1225 1804 1300 1841 qno
1328 1794 1551 1843 pauciores.

110 1852 178 1894 Sic
209 1858 329 1893 etiam
349 1855 439 1895 Par.
463 1860 498 1895 5.
524 1854 634 1894 Sich.
659 1854 762 1907 quod
778 1872 817 1908 p.
874 1853 963 1893 Par.
993 1858 1030 1894 1.
1050 1871 1123 1908 quo
1143 1854 1292 1895 scilicet
1309 1873 1351 1910 p.
1466 1869 1553 1898 tra-

111 1932 252 1961 ctatur.
314 1922 449 1962 Turio.
469 1938 491 1960 a
511 1938 569 1974 pr.
590 1938 647 1961 ln.
668 1921 775 1961 Flor.
798 1931 1001 1961 tractatus.

227 1991 261 2039 ξ.
294 1995 330 2030 2.
385 1989 556 2046 sifortc.
614 1988 749 2029 Guelf.
774 1988 979 2045 nisiforic.
1092 1992 1128 2028 si
1150 2001 1216 2028 aut
1239 1992 1273 2029 is
1296 1992 1349 2032 in.
1408 1991 1546 2035 Turio.-

110 2056 218 2097 Flor.
240 2056 355 2097 Alm.
380 2060 415 2096 si
437 2069 561 2096 autem
584 2060 625 2096 in
648 2057 707 2096 his
728 2056 842 2111 quod.
904 2055 1043 2110 Camp.
1067 2055 1198 2097 Guels.
1220 2056 1343 2099 Goth,
1371 2062 1407 2098 si
1424 2072 1550 2101 autem

112 2126 147 2163 is
178 2127 231 2164 in.
291 2124 417 2165 Amb.
453 2130 488 2165 1.
519 2128 557 2163 si
584 2135 650 2163 aut
678 2127 717 2163 in
744 2127 801 2174 is,
853 2138 875 2163 a
899 2140 976 2164 sec.
1006 2140 1061 2164 m.
1092 2127 1132 2163 in
1160 2125 1233 2165 his.
1292 2125 1417 2167 Amb.
1444 2135 1483 2169 2.
1514 2132 1552 2169 si

113 2203 238 2230 aurem
264 2192 324 2231 liis
342 2196 394 2232 in.
511 2209 631 2247 quem.
688 2193 862 2231 A111b.1.
885 2191 1020 2231 Turio.
1051 2207 1072 2231 a
1093 2208 1151 2244 pr.
1174 2208 1226 2232 m.
1248 2194 1361 2247 quod,
1422 2210 1444 2234 a
1469 2212 1549 2238 sec.

113 2258 207 2312 quid
234 2275 325 2298 cum
349 2259 463 2300 Ahn.
579 2259 763 2315 abfuisse.
806 2258 940 2299 Turic-
963 2259 1149 2315 adfuisse.
1186 2259 1311 2301 Amb.
1326 2268 1365 2302 2.
1388 2263 1548 2320 aficissc.

198 2325 405 2380 Inspectio.
465 2326 600 2366 Turio.
624 2329 664 2365 in
683 2328 818 2380 specie.
934 2330 1021 2382 ipsa
1040 2343 1152 2381 saepe
1170 2331 1299 2369 eliam.
1359 2329 1484 2372 Aan.
1509 2337 1547 2372 1.

115 2410 147 2432 e.
169 2395 194 2433 i.
218 2410 248 2432 s.
307 2393 416 2434 Jens.
436 2404 475 2434 et
494 2396 583 2434 edd.
602 2403 693 2433 ante
716 2393 845 2434 Stoer.
869 2411 954 2435 exc.
978 2394 1088 2436 Sich.
1118 2397 1144 2434 i.
1165 2412 1192 2433 e.
1213 2412 1245 2434 s.

683 2517 715 2558 C
749 2532 773 2557 Α
807 2534 844 2558 1'.
903 2517 986 2559 VI.

226 2598 262 2648 §.
297 2600 332 2635 1.
393 2605 459 2633 ant
481 2612 555 2634 non
577 2598 776 2650 recipiunt.
838 2595 971 2637 Guelf.
1003 2608 1069 2638 aut
1091 2600 1308 2652 respiciunt.
1359 2596 1484 2639 Aan.
1509 2606 1550 2640 2.

120 2664 281 2716 rcpiunt.
398 2661 564 2717 Qfferrc.
631 2662 767 2703 Turio.
808 2680 830 2704 a
864 2681 920 2718 pr.
951 2681 1006 2705 m.
1049 2666 1224 2721 qffi’rlnr.
1348 2668 1429 2706 sine
1463 2666 1548 2709 illa.

119 2729 255 2770 Turio.
276 2727 413 2783 Camp.
441 2729 574 2772 Guelf.
595 2730 711 2772 Voss.
735 2737 772 2773 1.
808 2735 887 2772 sine
905 2732 999 2773 ulla.
