1775 3091
229 306 306 343 176
657 299 926 355 Supplementa
955 301 1213 339 annolationis

227 415 333 456 Flor.
354 430 377 455 a
397 430 455 468 pr.
476 429 531 455 m.
554 413 659 454 AJm.
716 429 753 452 n.
776 428 826 450 αη
844 414 959 451 ctiam
979 415 1014 451 ei
1039 411 1166 452 Aan.
1181 418 1218 453 1.
1250 412 1356 452 Flor.
1377 427 1399 452 a
1416 428 1489 452 sec.
1510 427 1566 453 m.
1619 429 1656 455 η.

227 499 279 523 an
299 494 333 522 ct
352 486 387 522 ei
417 481 511 523 Ald.
543 482 653 522 Sich.
753 479 916 520 videtur.
967 480 1147 519 videatur
1174 478 1296 520 Amb.
1313 486 1350 520 1.
1445 483 1581 534 pravis
1595 482 1661 533 ju·—

226 551 388 591 clicibus.
445 565 589 603 pravus
618 548 707 588 Par‘.
728 551 768 587 3.
820 553 969 602 ‘parvus
997 547 1104 588 Flor.
1130 563 1151 586 a
1170 564 1246 587 sec.
1266 563 1322 587 m.
1350 544 1471 586 Amb.
1501 552 1538 586 1.
1569 546 1660 588 Par.

228 624 266 659 1.
323 620 457 673 pravis
484 616 591 655 Flor.
622 630 645 654 a
674 631 735 669 pr.
767 630 822 656 111.
854 615 978 655 Amb.
1002 622 1042 656 2.
1072 616 1164 656 Par.
1194 621 1234 656 2.
1264 616 1303 655 4.
1334 621 1396 665 5.,
1427 617 1496 668 qui
1525 617 1663 654 ommes

226 689 412 726 omittunt
433 683 647 738 judicibus.
758 700 831 737 pro
853 684 928 723 his.
984 701 1056 738 pro
1080 687 1133 722 iis
1162 683 1298 723 Turio.
1330 681 1455 722 Aan.
1469 687 1509 722 2.
1540 680 1662 722 Goth.

227 764 265 793 et
295 754 383 792 edd.
415 761 504 790 ante
535 750 670 802 sich„
706 767 791 791 exc.
823 749 961 804 Camp.
1074 761 1226 804 gerant.
1283 760 1422 804 gerunt
1449 752 1494 788 in
1524 748 1662 790 Turio.
1705 743 1707 746 Ι

227 830 283 861 est
310 829 465 859 tantum
495 833 516 857 a
546 835 624 858 sec.
653 834 734 871 m.;
764 828 921 872 recepta
950 828 1006 858 est
1033 821 1076 857 in
1106 818 1229 857 Amb.
1262 822 1298 857 1.
1415 835 1542 856 rerum
1573 834 1666 857 sua-

227 905 322 927 rum.
380 887 490 925 Haec
523 895 787 940 transponunt
822 885 960 926 Turio.
1003 885 1105 939 (uisi
1144 885 1251 939 quod
1289 885 1355 925 hio
1394 902 1525 937 carum
1558 883 1664 940 rer.)

224 956 332 996 Flor.
364 952 498 995 Guelf.
528 953 666 1007 Camp.

339 1035 373 1086 ξ.
408 1038 473 1074 19.
532 1032 735 1088 Septimio.
793 1031 1020 1087 Septimiae.
1050 1031 1186 1072 Turio.
1217 1030 1325 1071 Flor.
1360 1028 1486 1070 Amb.
1511 1035 1549 1070 1.
1571 1035 1611 1070 2.

224 1106 410 1158 septimno
453 1099 576 1141 Goth.
701 1103 829 1155 ipsam
870 1116 1041 1141 causam.
1109 1102 1234 1153 ipsam
1273 1114 1356 1138 eam
1399 1101 1520 1137 etiam
1557 1095 1667 1138 Flor.

226 1171 350 1211 Amb.
377 1175 413 1209 1.
441 1175 480 1210 2.
538 1167 654 1208 Idem
681 1169 839 1209 videtur
874 1183 955 1207 esse
982 1171 1026 1206 in
1054 1166 1143 1207 Par.
1167 1171 1205 1206 1.
1234 1171 1274 1206 2.
1307 1170 1344 1204 3.
1370 1166 1432 1216 4.,
1474 1180 1494 1204 e
1526 1167 1668 1219 quibas

225 1240 303 1278 hoc
342 1229 499 1277 tantum
536 1245 718 1286 notatux,
770 1238 900 1275 omitti
941 1237 989 1274 ab
1033 1238 1080 1274 iis
1124 1251 1229 1283 eam,
1277 1234 1384 1288 quod
1428 1235 1473 1270 in
1509 1234 1670 1284 vulgata

224 1309 395 1349 lectione
428 1314 518 1343 ante
548 1306 673 1358 ipsam
706 1306 939 1355 ponebatur.
1056 1305 1157 1341 ratio
1200 1312 1268 1341 est.
1327 1299 1497 1340 Advers.
1556 1299 1669 1338 Haec

227 1377 353 1414 omitt.
386 1375 507 1412 etiam
531 1369 639 1410 Flor.
669 1368 859 1415 Amb.&
908 1367 958 1408 In
987 1367 1112 1409 Amb.
1136 1374 1172 1409 1.
1204 1370 1361 1409 videtur
1390 1382 1470 1406 esse
1499 1376 1670 1419 recepta.

338 1453 374 1502 §.
407 1457 476 1491 20.
534 1452 569 1488 si
610 1466 727 1503 quam
755 1450 977 1502 praecipue.
1032 1465 1095 1501 pr.
1131 1464 1163 1488 ε.
1203 1465 1239 1502 q.
1281 1446 1407 1487 Amb.
1443 1452 1507 1498 1.,
1549 1450 1668 1486 male.

339 1530 476 1559 contra
493 1533 532 1555 se
551 1516 754 1570 disposita.
815 1513 853 1554 d.
878 1531 911 1554 ο.
935 1531 975 1552 se
1003 1513 1141 1555 Turio.
1171 1513 1280 1555 Flor.
1308 1514 1434 1554 Aan.
1459 1520 1498 1554 1.
1531 1513 1668 1555 Guelf.

229 1588 367 1640 Camp.
401 1594 438 1625 et
467 1594 632 1638 posterr.
657 1592 747 1622 ante
779 1580 934 1636 Gryph.
1046 1593 1242 1636 putarent.
1305 1581 1372 1622 Sic
1400 1581 1510 1622 Flor.
1541 1581 1668 1621 Amb.

230 1662 268 1697 1.
297 1661 336 1696 2.
376 1653 466 1693 Par.
495 1657 532 1691 1.
560 1656 597 1690 3.
625 1654 663 1691 5.
719 1660 948 1705 putarentur
977 1659 1033 1689 est
1060 1653 1103 1688 in
1131 1648 1221 1690 Par.
1244 1655 1284 1691 2.

341 1734 379 1783 §.
411 1737 479 1772 21.
537 1728 673 1768 modus
704 1727 818 1767 alter.
878 1745 914 1768 a.
942 1746 994 1768 m.
1027 1726 1162 1768 Guelf.
1262 1727 1453 1785 fivquens
1481 1740 1536 1769 est
1563 1741 1612 1769 et.

229 1813 282 1841 est
309 1803 436 1840 omitt.
464 1797 572 1836 Flor.
603 1794 736 1836 Guelf.
768 1793 890 1834 Goth.
922 1794 1046 1834 Amb.
1061 1801 1100 1835 2.
1134 1794 1272 1848 Camp.
1303 1796 1411 1837 Jens.
1445 1807 1484 1838 et
1503 1807 1668 1851 posterr.

230 1878 322 1909 ante
363 1866 516 1917 Stoer.‚
557 1880 643 1903 exc.
680 1861 816 1911 sich„
857 1865 999 1917 quibus
1032 1863 1162 1902 acced.
1195 1862 1318 1913 Obr.,
1347 1866 1437 1905 fort.
1475 1864 1600 1904 Amb.
1631 1870 1669 1905 1.

339 1933 507 1990 populus
543 1930 660 1971 Rom.
717 1942 877 1985 prcteior
908 1934 1029 1970 etiam
1059 1929 1185 1970 Aan.
1216 1936 1253 1970 1.
1369 1932 1545 1973 consilio.
1604 1931 1671 1972 Sic

227 2004 334 2045 Flor.
366 2001 491 2041 Aan.
523 2005 560 2040 1.

344 2082 381 2131 §.
405 2085 472 2120 22.
525 2077 639 2131 Quod
663 2080 698 2116 si
718 2093 797 2116 nec.
829 2078 970 2130 exigit.
1031 2073 1165 2118 Guelf.
1199 2076 1310 2118 Sich.
1369 2097 1467 2134 quae
1485 2096 1522 2119 n.
1543 2081 1669 2132 exig„

231 2159 270 2190 et
300 2149 398 2187 haec
431 2149 626 2200 prioribus
661 2153 892 2184 annectunt.
1461 2148 1464 2150 '

343 2229 379 2279 ᾗ.
411 2230 479 2265 23.
543 2223 764 2277 Virginius.
825 2221 989 2274 Ver-gin.
1022 2224 1143 2261 etiam
1184 2222 1291 2263 Flor.
1322 2223 1447 2263 Ajnb.
1474 2229 1514 2264 2.
1545 2220 1668 2262 Bern.
1704 2246 1718 2258 .

345 2292 566 2333 Theodoro.
630 2288 841 2329 Theodora
868 2289 975 2328 Flor.
1008 2303 1030 2327 a
1056 2304 1115 2341 pr.
1142 2303 1199 2327 m.
1231 2289 1328 2330 Tur.
1361 2306 1383 2329 a
1411 2307 1470 2343 pr.
1499 2305 1579 2342 m.;
1626 2293 1670 2328 in

231 2364 308 2404 hoe
331 2377 354 2401 a
373 2377 451 2402 sec.
473 2376 528 2400 m.
560 2358 802 2398 Theodorae.
906 2354 1043 2395 tradit.
1095 2355 1266 2409 tra-ditm·
1294 2357 1400 2397 Flor.
1433 2373 1526 2406 cum
1553 2355 1668 2397 Alm.

345 2432 446 2482 sing.
477 2438 622 2482 quaest.
655 2441 734 2465 om.
768 2423 891 2463 Amb.
913 2429 952 2464 2.
1012 2425 1053 2461 in
1077 2426 1312 2475 prooemium
1344 2440 1423 2465 om.
1457 2424 1594 2477 Camp.
1772 2383 1775 2495 ἕ

345 2510 380 2561 §.
411 2508 480 2548 24.
538 2522 606 2545 nec
635 2520 734 2543 omn.
786 2504 887 2542 actio
914 2512 998 2555 pat.
1056 2500 1165 2540 Haec
1194 2505 1383 2542 omittunt
1413 2506 1531 2542 etiam
1557 2501 1666 2541 Flor.

233 2591 255 2615 a
282 2592 342 2629 pr.
370 2591 424 2614 m.
455 2573 578 2613 Aan.
609 2577 673 2622 2.3
713 2573 756 2608 in
783 2568 907 2609 Aan.
942 2574 978 2608 1.
1018 2567 1125 2607 Flor.
1158 2583 1179 2606 a
1209 2584 1285 2608 sec.
1315 2585 1369 2610 m.
1407 2569 1497 2610 Par.
1532 2574 1568 2608 1.
1609 2577 1666 2608 est

235 2646 405 2696 quaestio
432 2657 501 2694 pro
535 2643 652 2680 actio.
768 2635 816 2674 lis
843 2646 911 2675 est.
969 2634 1215 2688 Transponit
1242 2635 1379 2689 Camp.
1483 2637 1606 2689 prius.

232 2711 380 2763 primus
408 2708 521 2747 Alm,
577 2709 704 2761 primo
733 2703 869 2743 Tmic.
984 2704 1127 2755 exigit.
1186 2705 1319 2756 exiget
1357 2701 1480 2742 Amb.
1513 2706 1551 2742 1.

236 2778 277 2815 in
307 2778 502 2836 prooemiq
533 2777 659 2814 omitt.
691 2771 815 2813 Amb.
845 2774 886 2811 2.
1462 2785 1464 2787 ’
