1775 3091
179 232 259 269 316
478 266 481 269 μ
619 226 892 282 δαρρῖεητεηίᾳ
920 228 1182 268 annotationis

175 341 261 381 sich.
281 340 584 392 nicam-scaena,
621 341 805 380 nondum
823 350 1004 394 perorata
1023 340 1183 393 causa]
1295 343 1393 396 ipso.
1439 340 1577 382 Turio.
1599 358 1622 383 a

174 425 234 462 pr.
255 424 310 450 m.
336 413 430 464 ipse.
521 411 589 447 ris·
611 419 657 447 et.
680 424 780 448 mov.
802 425 927 464 saepe.
975 407 1042 450 Sic
1064 412 1183 449 etiam
1203 408 1310 451 Flor.
1324 441 1336 461 ,
1377 418 1417 450 at
1436 409 1560 451 Amb.
1584 416 1621 450 1.

175 492 254 518 om.
277 480 404 517 etiam.
462 475 598 518 Turio.
621 491 644 515 a
662 492 721 529 pr.
743 491 798 517 m.
819 477 886 517 hic
905 492 1066 531 quoque
1085 479 1271 517 moventis
1290 477 1422 518 habet.
1503 495 1622 533 prae-

175 547 486 599 cipue—fiunt.
538 541 657 584 Amb.
683 549 720 584 1.
750 559 909 599 quoque
937 554 1026 598 post
1052 545 1152 586 haee
1180 548 1301 585 verba
1332 548 1471 586 inserit
1500 545 1623 585 aliam

173 613 331 654 cadunt.
379 611 470 651 Par.
497 616 534 652 1.
555 611 639 653 alia
661 612 816 652 cadunt.
863 611 954 654 Par.
978 619 1018 653 2.
1039 612 1141 652 alias
1161 612 1318 653 cadunt.

287 682 325 730 §.
359 684 425 722 39.
495 678 590 733 aliq.
617 690 719 734 patr.
781 679 848 720 Sic
882 683 1003 720 etiam
1039 679 1148 721 Flor.
1265 697 1346 720 esse
1384 672 1622 721 adversaiii.

175 746 309 789 Guelf.
329 746 420 787 aclv.
441 763 474 786 e.
521 745 630 786 Flor.
653 764 733 788 csse
753 758 788 789 et
810 747 1026 789 adversari.
1077 747 1213 788 Turio.
1236 764 1259 788 a
1278 764 1336 802 pr.
1358 763 1414 790 m.
1437 759 1491 787 est
1513 747 1621 796 adv„

173 825 213 856 et
242 831 414 855 sororem
446 830 518 867 pro
550 831 676 855 soror.
799 816 913 854 Tum.
965 814 1090 856 Amb.
1114 821 1151 856 1.
1172 815 1280 857 Flor.
1303 818 1424 855 etiam
1441 832 1540 857 cum.

173 882 334 938 alioqui.
384 881 522 923 Turio.
546 898 568 922 a
586 899 664 923 sec.
687 899 742 923 m.
768 883 981 937 alioquam.

285 955 321 1003 §.
353 953 420 991 40.
477 950 585 1006 prof:
606 953 752 1004 magni.
793 949 932 992 Turio.
955 966 978 990 a
999 966 1077 991 sec.
1102 965 1157 991 m.
1180 952 1300 991 inser.
1322 960 1389 992 est.
1503 961 1545 990 at
1562 966 1621 991 ea.

170 1017 309 1059 Turic.
336 1033 358 1057 a
379 1034 439 1071 pr.
458 1034 515 1058 m.
537 1018 591 1059 αᾶ
610 1035 677 1070 ea,
717 1033 740 1059 a
762 1034 840 1059 sec.
868 1020 946 1072 adj.
965 1029 1011 1060 et.
1109 1035 1212 1072 saep.
1235 1021 1302 1059 ris.
1352 1017 1487 1059 Turio.
1518 1034 1541 1058 a
1559 1035 1620 1071 pr.

169 1101 226 1126 m.
254 1085 361 1126 Flor.
396 1086 537 1140 Camp.
574 1104 605 1127 r.
635 1104 666 1127 s.
785 1097 820 1126 et
840 1089 881 1127 ii.
931 1085 1066 1128 Guelf.
1100 1101 1179 1127 om.
1215 1097 1263 1127 et.
1315 1085 1451 1128 Turio.
1483 1098 1519 1126 et
1546 1087 1620 1139 hit,

171 1170 194 1194 a
214 1170 292 1194 sec.
313 1169 368 1194 m.
392 1165 426 1193 et
447 1154 501 1194 hi.
617 1155 753 1212 officii.
797 1153 925 1195 Amb.
947 1159 984 1195 1.
1017 1157 1137 1194 etiam
1168 1155 1313 1210 officio.
1429 1157 1495 1209 qui
1513 1165 1622 1195 esset.

169 1221 308 1263 Turio.
332 1239 367 1277 q.
391 1239 470 1261 esse
490 1233 546 1273 et,
585 1238 607 1262 a
627 1239 705 1262 sec.
727 1237 782 1262 m.
807 1239 844 1276 q.
868 1233 1002 1263 essent.
1054 1220 1190 1262 Guelf.
1221 1224 1306 1275 quis
1332 1233 1440 1262 esset.
1543 1240 1621 1276 pa·-

168 1301 313 1330 tronus.
362 1289 500 1331 Turio.
525 1306 547 1330 a
566 1307 643 1331 sec.
668 1305 724 1329 m.
745 1293 938 1344 patronis.
1036 1290 1263 1346 offerebant.
1319 1289 1454 1330 Turio.
1479 1290 1622 1346 ‘ffi'“’“·

169 1359 316 1398 hamus.
414 1358 664 1415 deformitate
681 1382 737 1389 —
762 1357 908 1414 i'fum·
950 1356 1078 1398 Amb.
1104 1363 1139 1398 1.
1163 1357 1201 1397 (ἶ.
1223 1360 1248 1397 i.
1272 1374 1308 1397 n.
1328 1374 1360 1399 s,
1386 1357 1622 1397 caclztcaveri

168 1428 207 1482 in
234 1443 315 1465 usa.
362 1424 470 1465 Flor.
495 1426 534 1465 ἅ.
560 1429 584 1466 i.
609 1442 645 1465 n.
670 1442 775 1464 senes
804 1425 855 1478 (a
873 1440 951 1464 sec.
975 1440 1030 1464 m.
1062 1422 1189 1478 senis)
1221 1424 1371 1464 caduca
1400 1425 1621 1482 veri'infzc-

168 1510 267 1533 sam.
324 1493 415 1534 Par.
441 1498 477 1537 1,
508 1491 547 1532 d.
577 1495 603 1532 i.
636 1509 673 1532 η.
706 1491 898 1532 caducam
932 1493 1014 1530 veri
1039 1493 1076 1529 in
1103 1508 1225 1531 usam.
1283 1490 1374 1534 Par.
1398 1498 1439 1534 2.
1463 1492 1503 1533 d.
1527 1495 1554 1534 i.
1578 1510 1617 1534 n.

168 1564 269 1602 ceris
306 1561 476 1602 cadaver
509 1559 720 1601 attulerant
754 1562 792 1599 in
819 1573 938 1599 nsum.
1021 1596 1024 1600 ,

283 1630 318 1680 §.
351 1629 419 1667 41.
478 1628 571 1682 quid
603 1626 781 1682 Glyconi.
831 1625 969 1665 Turio.
1008 1640 1030 1665 a
1059 1640 1117 1679 pr.
1149 1641 1206 1666 m.
1246 1630 1316 1682 qui
1347 1624 1538 1667 Gliconis.

154 1696 245 1754 fitit
269 1712 380 1748 cogn.
430 1692 565 1736 Guelf.
589 1692 845 1750 teg-mensuit.
946 1694 986 1731 in
1000 1695 1078 1746 jus.
1128 1691 1251 1733 Amb.
1286 1699 1323 1734 1.
1353 1693 1460 1736 Flor.
1497 1710 1519 1733 a
1538 1710 1617 1734 sec.

167 1780 223 1806 m.
247 1766 368 1803 etiam
391 1765 445 1812 is,
490 1777 512 1801 a
542 1778 602 1815 pr.
634 1777 690 1802 m.
716 1764 795 1816 juS.
905 1776 960 1800 ex
978 1759 1090 1815 paecl.
1139 1760 1265 1800 Amb.
1301 1766 1337 1803 1.
1373 1777 1397 1801 a
1423 1761 1535 1818 paesi.
1567 1761 1620 1816 (α

167 1835 298 1885 suppl.
340 1847 361 1870 a
391 1847 468 1871 sec.
500 1829 585 1884 m.)
634 1828 772 1869 Turic.
813 1843 835 1868 a
866 1844 926 1883 pr.
955 1843 1011 1868 m.
1044 1828 1151 1869 Flor.
1187 1839 1223 1867 et
1254 1828 1370 1884 paed.
1497 1831 1617 1869 circa.

165 1900 234 1941 Sic
257 1903 378 1940 etiam
404 1898 530 1939 Amb.
557 1903 593 1938 1.
624 1897 732 1938 Flor.

281 1971 316 2021 ξ.
349 1969 416 2008 42.
475 1964 710 2006 tolerabilia.
763 1961 888 2009 Amb.
926 1968 964 2004 1.
999 1963 1140 2016 adjecit
1175 1965 1233 2017 is,
1283 1979 1362 2004 sec.
1390 1977 1446 2003 m.
1476 1977 1618 2016 super-

165 2040 321 2090 scripsit
347 2036 384 2076 Ῐι.
433 2034 572 2075 Turio.
605 2042 644 2072 et
667 2031 774 2073 Flor.
809 2046 831 2070 a
858 2046 918 2084 pr.
945 2046 1002 2071 ln.
1038 2030 1294 2072 tolerabilius.
1410 2032 1615 2074 actionem,

166 2104 307 2157 Camp.
329 2105 494 2144 actione.
594 2111 649 2140 at.
696 2099 833 2140 Tmic.
858 2115 881 2139 a
897 2112 957 2153 pr.
981 2115 1036 2140 m.
1062 2099 1126 2139 ad.
1224 2109 1292 2138 aut
1314 2101 1457 2139 contio.
1504 2097 1616 2138 Flor.

165 2184 206 2212 ut
229 2183 331 2212 cont.
421 2172 698 2211 conticescunt.
741 2167 773 2207 F
776 2170 848 2208 lor.
871 2169 1140 2209 conticiscunt.
1183 2165 1322 2220 Camp.
1345 2168 1616 2206 conticescant.

253 2237 444 2296 autfi·eq.
493 2235 631 2277 Turio.
651 2252 674 2276 a
695 2251 755 2290 pr.
778 2250 834 2276 m.
857 2245 899 2273 ut
910 2234 977 2291 fr.
1004 2258 1009 2263 ·
1060 2251 1188 2287 genua
1216 2245 1357 2274 vestra.
1409 2233 1477 2274 Sic
1495 2236 1617 2275 efimn

164 2308 275 2350 Flor.
370 2307 535 2346 etiamsi.
586 2302 655 2345 Sic
676 2306 798 2345 etiam
813 2300 937 2344 Amb.
960 2309 998 2344 1.
1025 2300 1133 2343 Flor.
1234 2304 1281 2342 is.
1328 2301 1468 2342 Turio.
1501 2316 1525 2340 a
1553 2315 1613 2354 pr.

166 2392 222 2417 m.
261 2375 334 2415 bis.
1166 2406 1167 2409 ,
1491 2402 1493 2405 ⁴

281 2444 316 2495 ξ.
349 2443 416 2483 43.
477 2440 551 2480 Ex
570 2439 728 2480 scholis.
769 2440 835 2478 Sic
856 2435 1173 2481 etiamA1nb.1.
1257 2435 1442 2476 volumus.
1483 2433 1613 2480 Amb.

170 2516 208 2550 1.
228 2509 366 2550 Turio.
390 2524 411 2548 a
429 2524 489 2562 pr.
509 2522 564 2548 m.
589 2506 622 2548 F
624 2510 698 2553 lor.
720 2508 840 2546 etiam
858 2505 1059 2545 voluimus.
1146 2520 1222 2543 ver.
1244 2518 1369 2557 egr-eg.
1403 2502 1471 2544 Sic
1491 2506 1612 2542 etiam

170 2577 303 2630 Flor.3
338 2575 475 2618 Tus-ic.
497 2591 520 2615 a
539 2591 596 2630 pr.
618 2591 672 2615 m.
691 2576 869 2628 egregiae
898 2588 1006 2627 quae.
1125 2572 1234 2612 Cass.
1255 2571 1333 2611 elic.
1392 2570 1459 2612 Sic
1489 2573 1611 2609 etiam

168 2643 291 2685 Amb.
317 2650 354 2684 1.
382 2642 487 2684 Flor.
596 2641 702 2694 Quid
719 2658 792 2682 me.
842 2637 978 2681 Turio.
1004 2655 1026 2679 a
1045 2655 1103 2693 pr.
1124 2655 1179 2680 m.
1210 2637 1375 2694 quidem.
1473 2637 1609 2691 inquit.

169 2710 290 2754 Amb.
316 2717 352 2751 1.
374 2710 478 2752 Flor.
500 2714 597 2752 item
620 2709 767 2765 quidni.
