1775 3091
147 257 201 292 78
585 251 855 307 Supplementa
882 252 1143 291 annotationis

259 367 294 417 §.
332 370 397 405 18.
456 363 687 403 destruendi.
748 373 856 402 restr.
902 363 1026 404 Amb.
1059 370 1099 405 2.
1131 380 1223 403 cum
1254 364 1376 405 Bern.
1495 381 1588 404 con-

138 434 414 488 firmandique.
473 432 666 487 conform.
695 430 802 470 Flor.
831 446 854 470 a
884 447 942 484 pr.
972 447 1028 472 m.
1136 431 1334 485 ἀιάσκευὴ
1366 432 1430 472 καὶ
1462 447 1587 472 κατα-

146 500 266 553 σκευή
299 504 420 541 etiam
449 500 569 540 Tarv‘.
587 498 703 542 2Bad.
738 497 850 538 Cerv.
883 498 995 540 Sich.
1037 497 1168 540 folin.
1212 498 1366 553 Gryph.
1427 511 1460 538 et
1490 503 1587 538 reti-

144 578 215 609 net
238 568 373 608 Turio.
389 600 399 619 ‚
431 571 500 622 qui
516 576 676 608 tantum
697 579 843 619 ασκευη
863 567 998 607 habet.
1113 570 1378 609 monumentis,
1426 570 1584 607 monim.

143 635 281 676 Turio.
310 652 331 675 a
359 651 436 676 seo.
468 650 524 674 m.
555 634 662 673 Flor.
775 638 942 673 materia
971 650 1050 674 om.
1081 634 1207 675 Amb.
1234 640 1269 674 1.

258 705 290 756 ᾗ.
327 708 390 743 19.
449 713 489 741 ut
519 701 565 739 de
589 718 688 755 serp.
749 712 790 741 at
820 701 859 742 d.
888 720 921 742 s.
950 701 1063 742 Ajm.
1095 702 1232 742 Turio.
1265 718 1287 742 a
1314 717 1374 755 pr.
1403 716 1459 741 m.
1520 717 1583 741 ac.

144 771 183 811 d.
210 788 241 811 s.
282 770 318 809 T
321 774 415 809 urie.
446 786 467 808 a
494 785 569 808 sec,
598 785 652 809 m.
683 768 821 822 Camp.
881 781 947 810 aut
977 770 1011 808 d.
1042 787 1073 808 s.
1103 769 1227 810 Amb.
1251 776 1285 809 1.
1397 769 1584 807 historiis.

144 840 341 877 historicis
371 841 491 876 etiam
520 835 627 877 Jeus.
658 846 697 876 et
720 847 881 889 posterr.
901 847 991 876 ante
1017 835 1170 890 Gryph.
1197 838 1318 877 Paris.
1340 843 1377 877 2.
1436 837 1586 882 (histo-

144 909 214 944 riis
242 905 364 945 I‘aris.
390 910 422 943 1.
447 903 501 956 5.)
617 915 671 942 est
709 904 876 944 licentia.
937 905 997 943 lie.
1027 916 1081 942 est
1111 905 1244 944 Turio.
1271 904 1376 944 Flor.
1399 903 1524 943 Amb.
1550 910 1584 943 1.

146 973 284 1025 Camp.
390 973 500 1010 sicut,
558 974 675 1011 sicuti
702 971 824 1011 Aan.
848 978 881 1012 1.
914 987 935 1011 a
959 988 1033 1011 sec.
1063 987 1115 1010 m.
1216 972 1405 1011 historici.
1462 971 1586 1008 histo-

146 1043 241 1078 ric-is
272 1039 406 1091 Camp.
435 1038 543 1079 Jeus.
575 1049 614 1079 et
640 1050 800 1093 posterr.
831 1049 924 1080 ante
951 1039 1129 1094 Gryph.,
1169 1054 1262 1078 cum
1293 1036 1426 1079 Guelf.
1451 1047 1490 1077 et
1507 1038 1584 1077 hoc

141 1111 229 1148 loco
260 1111 382 1146 etiam
412 1104 533 1147 Goth.

251 1177 286 1226 §‚
319 1182 384 1215 20.
442 1177 560 1228 vitup.
591 1175 754 1229 improb.
808 1177 920 1230 impr.
948 1177 1017 1214 vit.
1046 1174 1170 1215 sshnb.
1196 1180 1231 1215 1.
1261 1190 1283 1213 a
1311 1190 1386 1213 sec.
1414 1189 1469 1214 111.

136 1244 328 1298 ,Ncmzque.
385 1259 454 1297 que
485 1257 563 1281 om.
595 1241 732 1295 Camp.
846 1242 1117 1296 exemplisque.
1174 1254 1207 1281 et
1239 1240 1428 1295 exemplis
1455 1239 1581 1281 Amb.

137 1318 172 1352 1.
288 1312 490 1349 instruitur
516 1335 572 1341 —
601 1327 751 1350 usurus.
797 1313 953 1349 instruit
985 1335 1041 1341 —
1071 1327 1228 1349 usurum
1251 1309 1363 1349 Aan
1386 1315 1425 1349 2.
1445 1306 1581 1348 Guelf.

135 1395 230 1420 cum
257 1378 402 1419 Joann.
431 1377 548 1418 Voss.
572 1384 608 1418 1.

250 1449 280 1500 ξ.
312 1451 379 1486 21.
436 1449 552 1484 tertia
577 1446 683 1486 haec.
740 1447 836 1486 Izaec
853 1457 939 1486 tert.
972 1445 1094 1486 Goth.
1117 1460 1210 1484 cum
1230 1443 1337 1484 Jeus.
1360 1453 1399 1484 et
1417 1452 1579 1498 posterr.

135 1524 227 1556 ante
260 1512 414 1567 Gryph-

248 1584 279 1636 ξ.
310 1587 377 1622 22.
437 1580 482 1619 cle
514 1581 577 1619 its.
630 1580 676 1619 de
696 1581 759 1619 his
781 1580 915 1622 Turic.
933 1579 1059 1620 Amb.
1081 1586 1117 1621 1.
1141 1577 1264 1620 Goth.
1284 1577 1418 1620 Guelf.
1439 1577 1577 1632 Camp-

132 1651 243 1692 Sich.
334 1648 594 1703 peculatorem
617 1649 738 1688 habet
761 1648 894 1700 Sich„
925 1652 970 1688 iu
988 1658 1115 1689 textu.
1210 1658 1395 1687 tractatu.
1451 1646 1577 1688 Aan.

135 1725 169 1759 1.
199 1729 351 1765 tractu,
392 1719 437 1754 iu
468 1731 545 1770 quo
576 1727 613 1754 ir
640 1726 734 1756 sunt
763 1732 785 1755 a
813 1732 886 1757 sec.
916 1733 968 1756 m.
1084 1715 1146 1756 ad.
1173 1732 1277 1755 caeo.
1307 1713 1458 1754 aleator
1473 1732 1576 1769 pau-

127 1803 206 1841 per.
267 1802 370 1824 saec.
401 1783 465 1824 ad.
490 1801 610 1838 paup.
640 1783 690 1822 al.
723 1783 861 1837 Camp.
915 1802 1064 1839 pauper
1093 1787 1220 1823 omitt.
1251 1781 1358 1822 Flor.
1385 1797 1408 1821 a
1427 1799 1486 1836 pr.
1519 1799 1574 1822 m.

127 1853 165 1893 T
170 1856 264 1892 urie.
293 1851 406 1891 Ahn.
897 1866 900 1869 *

247 1922 279 1974 ᾗ,
310 1921 377 1960 24.
431 1921 575 1973 potior.
625 1920 734 1972 pejor
770 1918 877 1960 Flor.
922 1935 944 1959 a
973 1935 1030 1973 pr.
1059 1935 1112 1958 m.
1228 1917 1282 1958 acl
1317 1920 1575 1958 exercitatio-

131 2006 228 2029 nem.
285 1987 343 2026 At
365 1986 489 2026 Amb.
513 1993 550 2027 2.
590 1984 723 2026 Guels.
762 1986 879 2027 Voss.
905 1993 970 2039 3.3
1009 1986 1135 2027 Amb.
1153 1993 1191 2028 2.
1221 1995 1422 2040 praeterea
1452 1986 1575 2026 habet

130 2059 266 2096 mirae.
320 2057 621 2093 exercitationes
651 2053 785 2093 Turio.
816 2054 919 2093 Flor.
947 2054 1072 2094 Amb.
1099 2061 1136 2096 2.
1163 2048 1276 2094 AJm.
1309 2053 1441 2095 Guelf.
1498 2070 1572 2092 au-

130 2135 205 2162 tem
235 2124 534 2161 exercitationes
563 2121 684 2163 Paris.
710 2127 746 2162 1.
858 2124 1064 2175 speciosae.
1114 2124 1317 2175 spaciosae
1342 2119 1441 2161 LOG.
1467 2118 1571 2160 Bad.

131 2191 246 2232 Cerv.
285 2189 394 2230 Sich.
433 2188 561 2229 Coliu.
679 2189 920 2243 judiciorum
957 2189 1282 2242 disceptationem.
1333 2187 1571 2241 judiciorum

130 2259 521 2313 disceptationumque
557 2257 664 2297 Flor.
700 2256 805 2297 Jeus.
845 2255 962 2296 Tarv.
997 2254 1097 2296 Loc.
1136 2255 1242 2296 Ven.
1287 2255 1406 2308 (cum
1433 2255 1568 2307 Alm.,

129 2336 175 2367 ut
211 2335 346 2365 narrat
383 2324 543 2377 Burm.3
598 2326 783 2379 equidem
823 2324 986 2375 dubito,
1038 2327 1130 2378 quja
1168 2322 1279 2362 Alm.
1320 2326 1439 2363 nimis
1468 2327 1570 2364 solet

129 2409 224 2433 cum
263 2392 397 2433 Turio.
432 2396 573 2432 facere.
613 2392 695 2446 S.).
746 2392 982 2446 judiciorum
1012 2392 1396 2445 disceptationemque
1433 2391 1569 2432 Turio.

124 2461 313 2513 judicium
344 2461 727 2515 disceptationemque
760 2458 893 2499 Guelf.
922 2459 1041 2499 Bern.
1065 2458 1189 2498 Amb.
1210 2465 1248 2499 2.
1267 2459 1386 2499 Paris.
1409 2465 1445 2500 1.
1475 2475 1568 2499 cum

131 2527 238 2567 Sich.
279 2527 432 2582 Gryph.
475 2528 602 2568 Stoer.
642 2527 807 2568 Chouet.
838 2526 947 2567 Gibs.
1003 2526 1225 2580 Receptam
1252 2536 1415 2567 tuen-tur
1445 2525 1565 2567 Goth.

129 2594 242 2635 'Voss-
265 2601 302 2635 2.
334 2595 469 2648 Camp.
498 2599 587 2635 fort.
617 2594 740 2636 Amb.
764 2601 800 2634 1.

240 2665 271 2716 ἕ.
303 2667 366 2702 25-
424 2663 602 2718 Namque
629 2664 712 2704 hae·
769 2661 945 2716 ΛΤΕῚΠΊΠΕ
974 2673 1008 2700 εἰ
1041 2663 1136 2703 llaec
1164 2662 1301 2704 Turic·
1331 2677 1423 2703 culn
1450 2659 1559 2701 Alln·

126 2728 229 2768 Flor.
268 2728 402 2782 (amp.
