1775 3091
253 236 305 277 ml
336 236 495 290 Quintil.
524 235 650 275 ῙηςΙίΙ.
683 233 736 283 Ρ’,
770 240 834 276 12.
862 235 1108 287 §.15—-23-
1163 238 1226 273 13.
1249 233 1285 285 §.
1310 237 1347 272 1.
1437 236 1519 274 287

97 352 196 392 hcm.
254 350 389 393 Guelf.
423 350 617 406 probetur.
738 348 935 389 indicium.
992 347 1128 389 Turio.
1156 361 1179 387 a
1206 361 1267 401 pr.
1296 359 1350 386 m.
1386 342 1520 385 Guelf.

90 419 208 460 Voss.
230 425 267 460 3.
291 420 398 460 Jens.
421 417 541 460 Tarv.
557 417 754 472 juditium.
868 416 1046 456 masculi.
1092 414 1160 455 Sic
1188 417 1310 453 etiam
1328 412 1453 452 Amb.
1479 417 1520 452 1.

89 488 197 529 Flor.
226 503 247 526 a
266 504 324 541 pr.
345 502 400 526 m.
430 484 643 526 masculum
663 484 786 526 sich..
882 483 1064 524 ostendet.
1111 481 1245 523 Etiam
1269 479 1396 521 Amb.
1421 485 1459 520 1.
1482 487 1524 520 et

89 554 195 596 Flor.
225 564 394 594 ostentet.

202 624 237 674 §.
268 627 336 662 21.
394 620 693 675 speciosissima.
747 618 834 661 Par.
856 623 893 659 1.
915 622 1035 659 etiam
1055 618 1341 674 speciosissime.
1431 616 1524 670 fin·-

86 688 225 742 genclo.
269 688 395 728 Aan.
419 691 454 726 1.
484 689 642 726 omittit.
673 685 779 727 Flor.
799 685 978 742 velfing.
1089 683 1342 740 pingendove·
1394 681 1522 723 Amb.

93 762 130 796 1.
147 755 413 812 pingcnclovet.
462 753 599 794 Turio.
617 753 808 810 pingendo
829 754 903 794 vel.
950 753 1058 794 Flor.
1079 753 1218 806 Camp.
1238 751 1302 791 vel
1315 750 1522 805 pingendo.

173 824 334 880 efficere.
382 821 522 876 Camp.
532 821 691 879 facere.
778 822 1008 863 inciderunt.
1045 819 1170 862 Amb.
1196 825 1235 859 1.
1259 818 1395 859 Turio.
1417 817 1525 858 Flor.

90 888 229 944 Camp.
258 889 383 930 Amb.
412 895 453 931 2.
482 888 601 930 Bodl.
635 887 766 933 Andr.
796 890 1027 930 ceciderunt.
1139 887 1336 940 Bagoam.
1389 884 1527 925 Etiam

88 956 195 998 Flor.
208 958 298 998 Par.
314 964 351 998 1.
366 957 574 1005 Bassbiam.
595 956 720 1000 Amb.
734 964 771 999 1.
785 959 953 998 Bacchi.
1037 955 1314 1010 Megabyzum.
1341 951 1464 993 Amb.
1482 956 1524 992 1.

91 1031 131 1066 2.
151 1025 183 1065 F
185 1028 256 1067 lor.
275 1027 415 1066 itidem
431 1027 704 1080 megabuoeum.
793 1035 994 1067 sumerent.
1032 1024 1157 1065 Aan.
1169 1029 1210 1064 2.
1230 1024 1350 1061 etiam
1369 1036 1528 1060 sumere.

175 1094 451 1149 Doryphoron.
499 1095 624 1138 Amb.
649 1100 685 1136 1.
709 1092 847 1148 Camp.
866 1093 1121 1148 dor-iphoron.
1208 1100 1352 1144 aptum.
1397 1087 1528 1128 Amb.

94 1166 129 1200 1.
153 1164 273 1201 etiam
293 1173 436 1203 actum.
545 1163 709 1202 militiae
726 1160 790 1200 vel
804 1160 1041 1215 palaestrae.
1088 1157 1214 1199 Amb.
1249 1162 1287 1197 1.
1315 1156 1459 1195 militia
1485 1170 1527 1197 υ.
1569 1196 1572 1197 ⁷

85 1228 302 1282 palaestra.
414 1229 468 1277 al.
498 1246 659 1286 quoque.
707 1227 775 1269 Sic
802 1231 924 1268 etiam
949 1227 1074 1268 Amb.
1099 1232 1137 1267 1.
1159 1232 1198 1267 2.
1220 1223 1310 1266 Par.
1338 1229 1375 1264 1.
1399 1230 1439 1265 2.

90 1295 373 1338 bellicosorum.
423 1297 532 1338 Flor.
565 1296 689 1339 Amb.
712 1302 753 1338 2.
785 1306 824 1336 et
851 1299 926 1350 ipsi
958 1295 1196 1335 bellicorum.
1309 1308 1418 1346 corp.
1440 1290 1528 1332 dec.

89 1366 156 1403 Sic
178 1367 296 1403 etiam
314 1363 439 1405 Amb.
464 1370 501 1404 1.
517 1371 557 1405 2.
588 1364 678 1405 Par.
703 1369 790 1405 1.2.
805 1369 842 1404 3.
927 1363 1010 1404 dec.
1031 1379 1130 1402 vere.
1171 1361 1238 1402 Sic
1259 1362 1392 1400 etiam.
1415 1357 1527 1399 Flor.

171 1434 505 1472 existimaverunt.
553 1431 622 1473 Sic
654 1435 774 1472 etiam
801 1431 889 1471 Par.
910 1437 948 1470 1.
973 1437 1012 1471 2.
1035 1436 1072 1470 3.

202 1500 237 1551 §.
268 1505 333 1540 22.
389 1499 518 1553 Igitur
547 1510 584 1538 et
613 1499 691 1539 ille.
744 1499 852 1539 Jens.
876 1498 995 1539 Tarv.
1022 1496 1096 1536 Ille
1116 1498 1171 1549 ig.
1194 1505 1243 1536 et.
1292 1491 1394 1534 Loc.
1413 1491 1526 1535 Ven.

91 1569 220 1607 omitt.
243 1577 292 1606 et.
377 1583 482 1623 quem
503 1569 623 1607 instit.
671 1565 812 1608 Turio.
832 1565 938 1607 Flor.
957 1569 1093 1606 inserr.
1117 1574 1166 1604 ct.
1259 1577 1430 1616 pugnam
1442 1563 1529 1615 jam

90 1637 145 1673 in.
194 1632 329 1675 Guelf.
351 1649 432 1674 om.
459 1637 558 1688 jam.
661 1645 818 1688 spectet.
862 1634 987 1674 Aan.
1021 1638 1057 1673 1.
1090 1640 1283 1686 expectet.
1383 1629 1530 1686 ferire.

92 1700 368 1757 Campfirre.
471 1718 536 1742 ac.
585 1700 689 1741 Ald.
710 1704 831 1740 etiam
850 1711 932 1740 aut.
1039 1703 1155 1752 exig.
1173 1701 1251 1737 inv.
1272 1713 1408 1752 praec.
1459 1695 1530 1736 Sio

92 1772 213 1808 etiam
232 1768 356 1809 Amb.
381 1774 418 1809 1.
437 1767 529 1809 Par.
553 1773 590 1809 1.
612 1773 647 1808 3.
701 1766 758 1808 At
786 1767 894 1807 Flor.
925 1769 1036 1819 exig.
1058 1769 1342 1819 inventumque,
1382 1767 1530 1804 omisso

89 1851 222 1889 praec.
270 1834 395 1875 Amb.
417 1841 457 1876 2.
487 1851 580 1875 cum
609 1833 743 1876 Guelf.
770 1834 889 1875 Bern.
918 1837 1108 1874 omittunt
1137 1835 1274 1885 exig„
1311 1847 1396 1871 non
1423 1834 1503 1871 inv.
1513 1860 1528 1879 ‚

92 1902 199 1955 quod
228 1904 325 1941 falso
355 1905 544 1942 omissum
571 1904 704 1942 na'rrat
731 1901 895 1956 Spald.‚
928 1901 1037 1943 Jens.
1058 1903 1185 1954 erigat
1212 1903 1238 1940 i.
1256 1917 1298 1954 p.
1396 1909 1438 1937 ut
1459 1897 1530 1939 atl-

91 1968 196 2009 Flor.
227 1983 249 2007 a
279 1985 338 2023 pr.
372 1984 427 2010 m.
456 1981 496 2008 ut
528 1970 645 2025 apud.
755 1969 940 2024 gaudent.
995 1968 1124 2011 Amb.
1158 1973 1196 2009 1.
1228 1973 1268 2009 2.
1297 1966 1387 2008 Par.
1419 1971 1456 2007 1.
1483 1971 1529 2008 3.

93 2039 213 2076 etiam
235 2036 408 2077 mallent.
464 2036 570 2078 Flor.
593 2053 615 2077 a
634 2053 712 2078 sec.
732 2052 786 2078 m.
810 2036 979 2078 laudent.

204 2106 240 2157 §.
269 2110 340 2146 23.
396 2104 510 2146 illud.
565 2104 686 2145 Amb.
720 2109 756 2146 1.
785 2104 893 2146 illuc.
1015 2103 1117 2160 quocl
1146 2119 1229 2144 nec.
1284 2100 1423 2155 Camp.
1457 2104 1530 2156 qui

93 2189 175 2213 nec.
276 2172 514 2227 plerumque.
562 2171 700 2227 Camp.
723 2173 960 2228 quandoque.
1055 2175 1258 2227 inceptum.
1304 2173 1529 2213 Desinitin

92 2240 197 2279 hano
224 2255 366 2281 vocem
394 2250 512 2294 caput
541 2243 659 2281 etiam
690 2245 733 2280 in
751 2240 874 2280 Amb.
894 2247 931 2282 1.
963 2240 1052 2282 Par.
1073 2247 1113 2282 2.
1137 2246 1177 2280 3.
1236 2239 1319 2280 Sed
1346 2239 1455 2280 Flor.
1486 2246 1528 2278 et

94 2306 286 2360 Amb.2.,
317 2311 351 2348 si
372 2318 552 2349 accusate
577 2318 670 2349 sunt
688 2310 842 2358 collati,
871 2310 1023 2350 addunt
1053 2318 1301 2353 revertamur.

623 2430 655 2473 G
685 2445 713 2471 A
744 2446 783 2473 ι’.
843 2430 996 2473 ΧΙΙΙ.

204 2507 364 2550 Titulus
393 2512 436 2550 in
468 2508 594 2551 Amb.
625 2515 659 2551 1.
690 2519 729 2551 et
753 2516 794 2552 2.
826 2521 884 2552 est
914 2512 996 2552 DE
1020 2507 1452 2553 REFVTATIONE
1481 2516 1528 2549 ut

94 2577 201 2631 apud
221 2575 513 2618 Burmannum.

204 2646 241 2695 §.
276 2650 313 2685 1.
370 2645 478 2685 Nam
496 2655 542 2685 et.
587 2643 714 2685 Amb.
741 2651 778 2687 1.
799 2645 902 2688 Flor.
924 2650 1111 2688 omittunt
1131 2655 1169 2686 et
1188 2648 1261 2700 ipsi
1279 2655 1329 2686 et.
1414 2644 1523 2685 Ῐιαεσ.

95 2710 226 2752 Etiam
256 2711 380 2755 Amb.
408 2718 445 2754 1.
468 2718 508 2754 2.
538 2711 644 2756 Flor.
673 2713 761 2756 hoc.
872 2719 1046 2771 proprie.
1098 2713 1222 2756 Amb.
1253 2719 1294 2757 2.
1325 2715 1524 2768 propriae.
