1775 3091
173 204 198 239 8
601 199 871 254 Supplemenla
916 201 1176 239 annotationis

175 315 214 360 1,
247 311 298 349 43
328 320 365 351 et
394 310 450 363 V,
484 317 550 363 10,
581 317 646 353 91.
763 313 991 366 reperiretur
1032 312 1129 353 Bnd.
1155 310 1306 351 Vidov.
1344 310 1421 364 (ex
1452 311 1607 350 emend.

175 375 292 430 Regii
307 377 337 431 ).
979 414 983 416 ,

289 448 320 499 ξ.
353 451 419 487 26.
477 449 626 500 scripta
653 447 730 483 sint
759 443 911 486 Ahnel.
944 446 1050 486 Flor.
1081 445 1207 486 Amb.
1235 451 1270 485 1.
1371 462 1488 500 quam
1515 462 1612 500 quac

176 511 222 551 de
251 529 436 566 agrorum
467 513 583 553 Voss.
616 518 656 552 2.

287 583 317 634 ᾗ.
348 586 415 622 27.
475 582 644 633 ingenita
676 579 864 633 quaedam
892 580 1123 634 adjumenta.
1184 580 1251 621 Sic
1284 579 1437 635 Gryph.
1468 579 1609 621 Burin.

177 645 297 687 Gesn.
331 651 502 702 ingenita
531 650 665 702 cuique
696 646 915 701 adjumenta
951 648 1060 688 Jens.
1092 647 1212 688 Tarv.
1243 646 1340 689 Loc.
1370 648 1478 689 Ven.
1510 648 1611 689 Bad.

175 714 326 756 Vidov.
350 715 479 757 Colin.
511 715 619 756 Sich.
644 714 750 755 Flor.
776 714 901 755 Amb.
925 721 962 756 1.
995 719 1173 769 ingenita
1193 716 1345 771 quidem
1366 717 1444 771 adj.
1476 716 1614 770 Margo

177 781 313 834 Sich.5
356 783 486 823 Stoer.
516 781 626 823 Gibs.
659 781 759 823 Obr.
791 781 924 823 Guelf.
973 785 1145 836 ingentia
1165 784 1317 838 quidem
1339 785 1418 837 adj.
1444 784 1614 826 Chouet.

176 852 348 903 ingenita
387 850 539 906 quidem
578 866 676 904 quae
713 850 922 904 adjuvant,
973 866 1058 890 voae
1108 850 1248 904 Camp.
1295 850 1416 893 Goth.
1458 851 1613 904 Bodlej.

178 919 260 970 ing.
301 919 490 973 quaedam
530 934 627 972 quae
669 918 854 970 adjuvant
891 917 1023 958 Andr.
1054 916 1154 958 AJd.
1214 921 1339 971 ingen.
1372 923 1474 974 cuiq.
1506 920 1619 973 adju-

177 997 306 1024 menta
342 1002 439 1039 quac
469 985 655 1039 adjuvant
695 985 806 1026 Sich.
851 985 987 1026 Turio.
1018 988 1099 1026 ita:
1131 987 1346 1038 ingctz....
1380 984 1495 1041 (tum
1513 1002 1621 1026 non—-

178 1055 316 1092 nullae
346 1056 501 1093 litterae
533 1062 627 1093 sunt
657 1052 817 1108 erasae)
850 1056 990 1107 quique
1019 1053 1161 1107 (supra
1182 1053 1333 1107 quidem
1353 1052 1476 1108 quae)
1505 1054 1620 1108 aclju-

178 1131 331 1159 vantem
370 1137 468 1160 vost.
592 1123 692 1159 sicut
731 1120 825 1159 haec
872 1119 980 1175 (om.
1020 1120 1079 1173 et)
1122 1119 1248 1161 Amb.
1288 1127 1323 1160 1.
1446 1133 1620 1176 prosulit.

176 1199 337 1241 possunt
366 1188 490 1228 Goth.
527 1185 628 1241 (tac.
660 1184 816 1242 Gesn.)

296 1254 517 1309 [Ceterum
561 1257 840 1303 constantiam,
895 1255 943 1294 de
982 1271 1062 1312 qua
1101 1270 1196 1294 voce
1232 1257 1354 1308 ipsius
1400 1258 1623 1310 Spaldingii

180 1324 348 1363 fluctuat
387 1324 602 1375 judicium,
652 1332 756 1362 recte
797 1323 955 1362 videtur
988 1323 1208 1361 defendisse
1240 1325 1404 1377 Sarpius
1433 1324 1621 1364 Analeot.

183 1405 271 1443 pag.
306 1395 357 1430 12
387 1405 446 1445 sq.
506 1388 624 1430 Locis
655 1393 764 1429 enim
791 1391 963 1430 laudatis
993 1390 1141 1430 Justini
1167 1388 1199 1441 Ι,
1233 1395 1270 1440 5,
1313 1393 1468 1431 Valerii
1488 1391 1624 1431 Maxi-

187 1460 246 1496 mi
273 1456 344 1509 ΠΙ,
379 1464 416 1510 1,
449 1464 488 1508 2,
530 1461 714 1497 Suetonii
751 1460 794 1496 in
828 1457 986 1498 Nerone
1017 1462 1043 1497 7
1077 1459 1190 1498 docet
1217 1474 1297 1498 esse
1326 1460 1438 1497 illam
1465 1461 1627 1512 ingeni-

186 1534 271 1565 tam
310 1530 422 1580 quasi
459 1528 759 1578 fortitudinem,
808 1540 930 1580 quam
972 1535 1163 1566 nostrates
1195 1528 1329 1566 dicant
1358 1527 1626 1580 Drcistigkeit‚

187 1607 290 1647 quae
328 1598 400 1634 etsi
442 1611 526 1635 non
564 1597 735 1648 corpotis
766 1594 931 1648 quidem
959 1595 1083 1632 virtus
1115 1603 1194 1645 est,
1243 1609 1263 1632 a
1293 1603 1459 1633 naturae
1490 1603 1627 1634 tamen

188 1665 470 1702 constitutione
500 1664 660 1717 pendet.
720 1661 823 1702 Eam
857 1663 961 1699 inter
987 1663 1164 1713 ingenita
1205 1664 1332 1711 bona,
1380 1677 1482 1716 quae
1513 1672 1628 1703 ante-

188 1730 327 1769 cedere
360 1731 531 1771 debeant
561 1740 708 1778 artem,
753 1727 927 1781 Quintil.
957 1738 1142 1768 numerat
1171 1732 1238 1768 lib.
1270 1726 1370 1780 XII,
1403 1732 1441 1781 5,
1471 1729 1534 1781 2.]

789 1842 947 1883 CAr.
1006 1838 1039 1882 I.

306 1937 338 1987 ξ.
373 1939 409 1973 1.
469 1935 569 1972 enim
596 1930 773 1986 querela,
816 1946 894 1970 om..
927 1941 981 1969 cst
1020 1930 1140 1971 Goth.
1175 1930 1316 1984 Camp.

309 2003 340 2053 ξ.
375 2007 413 2041 2.
474 2000 643 2040 homines
681 2002 801 2038 etiam
843 1998 954 2037 Sich.
1057 1998 1194 2054 fuerit
1232 2010 1509 2051 argumentum.
1572 1998 1631 2040 lta

197 2070 338 2107 diserte
369 2070 505 2108 Turio.
528 2066 702 2122 ficerint.
732 2076 885 2118 cingam.
916 2064 1055 2118 Camp.
1081 2065 1205 2104 Paris.
1232 2071 1270 2104 1.
1305 2075 1342 2104 et
1372 2065 1470 2105 Tur.
1503 2082 1538 2105 a.
1574 2082 1628 2107 m.

197 2151 272 2175 sec.
319 2134 500 2191 fuerunt.
533 2150 683 2186 argum.
715 2132 823 2173 Jens.
854 2141 891 2170 et
921 2132 1010 2171 edd.
1034 2141 1196 2185 posterr.
1227 2147 1353 2186 usque
1375 2133 1425 2172 ad
1447 2131 1628 2187 Gryph.;

201 2218 281 2243 acc.
312 2206 400 2242 Par.
423 2208 461 2243 2.
493 2210 532 2240 et
552 2199 676 2240 Amb.
704 2206 740 2240 1.
843 2200 1053 2253 [monstris
1082 2202 1250 2252 insignia
1280 2203 1377 2238 olim
1401 2198 1630 2253 Francian,

197 2285 326 2323 nuper
366 2268 552 2322 Sarpium
584 2267 709 2308 Anal.
739 2279 779 2321 p.
807 2269 871 2307 14.
905 2269 1093 2308 offendit:
1137 2270 1206 2305 ille
1249 2277 1422 2306 monstra
1451 2270 1632 2321 insignia,

198 2338 266 2377 hic
295 2347 554 2375 monstrorum
582 2337 751 2388 insignia
777 2339 941 2381 maluit,
991 2336 1099 2390 quod
1129 2336 1280 2374 dictum
1307 2337 1358 2374 sit
1385 2337 1487 2375 sicut
1514 2334 1546 2386 Ι,
1567 2342 1631 2387 12,

203 2406 254 2445 16
281 2404 543 2459 pulcherrima
581 2419 728 2452 rerum,
780 2404 829 2442 de
858 2417 937 2458 quo
969 2403 1127 2442 dicendi
1155 2418 1298 2456 genere
1330 2404 1381 2443 cf.
1409 2402 1632 2445 Ruhnken.

204 2473 256 2511 ad
283 2471 489 2522 Veuejum
516 2485 556 2524 p.
590 2476 684 2511 337.
741 2469 823 2511 Sed
853 2473 1045 2524 quoniam
1073 2473 1164 2510 libri
1191 2471 1296 2510 nihil
1323 2479 1495 2522 mutant,
1524 2487 1634 2511 mon-

203 2550 290 2578 stra
324 2539 583 2591 intelligenda
620 2542 714 2579 sunt
749 2553 832 2577 non
864 2545 947 2577 tota
985 2552 1169 2591 corpora,
1216 2539 1285 2578 sed
1321 2541 1501 2578 membra
1530 2553 1631 2592 quae

206 2606 360 2660 aliquid
397 2609 630 2645 inusitatum
661 2621 706 2646 ac
743 2615 1010 2646 monstrosum
1036 2605 1231 2658 habent]
1319 2605 1409 2645 dum
1435 2607 1631 2645 emoritur.

205 2670 267 2713 Ita
296 2669 417 2712 Gesn.
448 2673 593 2723 edidit,
623 2673 728 2714 nihil
755 2676 908 2714 monito
934 2675 1104 2726 lectore3
1152 2683 1244 2714 ante
1273 2689 1366 2714 eum
1394 2687 1529 2714 omues
1549 2688 1634 2712 cum
