1775 3091
181 251 263 288 256
697 244 966 301 Supplementa
994 249 1254 288 annotationis

274 358 430 412 §.¹34.
489 360 572 400 has.
639 356 766 400 Amb.
798 363 837 398 1.
874 358 982 399 Flor.
1022 374 1044 398 a
1079 375 1137 412 pr.
1182 374 1237 399 m.
1280 359 1386 400 haec.
1503 370 1609 398 recta

180 443 320 482 prava.
381 427 505 470 Amb.
541 432 577 466 1.
610 435 752 464 rectum
778 442 957 480 pravum.
1015 426 1123 467 Flor.
1154 442 1175 465 a
1203 443 1262 479 pr.
1297 442 1353 466 m.
1385 436 1491 466 recta
1513 443 1611 480 pra-

181 510 283 535 vum.
397 506 532 535 contra
563 491 683 533 Goth.
717 491 856 546 Camp.
888 497 1089 535 omittunt.
1206 505 1261 533 est
1289 495 1361 533 liis.
1422 493 1548 535 Amb.
1572 498 1610 533 1.

182 578 342 617 quoque
372 579 450 601 esse
479 562 551 599 his.
611 557 735 600 Goth.
772 572 826 599 est
855 562 932 602 hic.
1046 579 1092 602 cx
1121 566 1184 603 iis.
1244 561 1371 604 Amb.
1405 567 1441 602 1.
1476 559 1609 601 Guelfl

181 631 310 672 Amb.
333 636 372 670 2.
403 628 523 669 Goth.
557 625 696 679 Camp.
726 626 835 668 Jens.
865 627 964 670 Loc.
994 629 1103 671 Ven.
1135 630 1246 671 Sich.
1277 647 1324 670 ex
1354 631 1425 669 his.
1527 644 1613 666 cre-

181 696 289 736 dunt.
348 696 412 736 Sic
443 698 563 734 etiam
593 694 718 735 Amb.
740 700 775 734 1.
808 695 915 736 Flor.
948 696 1081 738 Guelf.
1125 698 1213 738 Par.
1241 703 1276 737 1.
1299 704 1337 738 2.
1362 703 1399 738 3.
1478 698 1612 735 *exist-

181 775 216 804 et
239 781 338 817 poss.
392 761 525 803 Guelf.
559 777 637 801 om.
667 772 716 800 et.
802 766 866 802 ira
888 764 1025 803 oclium.
1073 765 1179 805 Flor.
1200 768 1318 804 inser.
1341 776 1384 803 ct.
1471 774 1611 804 celcra.

181 831 248 872 Sic
280 834 398 869 etiam
428 829 553 871 Amb.
579 835 617 869 1.
646 829 754 870 Flor.
789 829 914 870 Amb.
944 837 982 871 2.
1017 831 1106 871 Par.
1141 839 1176 871 1.
1237 832 1298 873 At
1328 832 1462 871 Turio.
1500 848 1522 871 a
1550 848 1610 885 pr.

180 914 235 938 m.
277 900 424 937 ceteris.
536 914 621 950 gen.
664 897 842 950 ejusdem.
909 897 1018 938 Jens.
1068 909 1104 938 et
1144 900 1229 938 edd.
1269 909 1358 938 ante
1399 899 1526 938 Stoer.
1565 901 1611 952 ej.

177 983 265 1020 gen.
377 964 596 1005 Accedunt.
655 963 762 1005 Flor.
803 980 824 1004 a
857 981 916 1018 pr.
948 981 1002 1004 m.
1043 966 1208 1005 accedit.
1268 965 1390 1006 Goth.
1421 965 1539 1005 Voss.
1569 972 1610 1007 2.

179 1031 291 1073 Vall.
334 1031 471 1086 Camp.
511 1032 705 1072 accidunt.
765 1033 883 1074 Alm.
914 1033 1120 1074 acciditur.
1222 1033 1415 1090 fortuita.
1475 1031 1612 1086 Camp.

178 1101 286 1142 Jens.
320 1110 359 1140 et
388 1101 476 1140 edd.
509 1109 599 1139 aute
631 1099 936 1155 Bad.f0rtunc1.
1021 1103 1203 1140 criminis.
1263 1099 1397 1141 Guelf.
1429 1098 1548 1140 Voss.
1570 1106 1612 1141 2.

177 1168 288 1209 Jens,
328 1178 366 1208 et
406 1169 495 1208 edd.
535 1177 625 1207 ante
663 1165 817 1220 Gryph.
857 1183 970 1206 meae
1009 1184 1100 1208 cum
1131 1172 1183 1208 eis
1216 1185 1276 1222 ap.
1308 1167 1447 1208 Burm.
1479 1169 1614 1207 crimi-

178 1254 281 1278 num.
333 1287 337 1291 .
397 1236 564 1276 dicatur.
622 1234 748 1276 Amb.
775 1240 812 1275 1.
843 1235 948 1275 Flor.
981 1234 1096 1278 Alm.
1121 1235 1254 1277 Guelf.
1276 1235 1402 1277 Amb.
1426 1241 1465 1276 2.
1488 1233 1609 1275 Goth.

181 1303 318 1358 Camp.
350 1313 389 1344 et
419 1304 508 1343 edd.
537 1312 626 1342 ante
660 1301 815 1357 Gryph.
847 1303 1004 1345 elicitur.
1063 1304 1257 1357 Stephan.
1287 1304 1424 1345 Oxou.
1456 1302 1609 1359 Gryph.

180 1371 291 1413 Gibs.
324 1372 425 1413 Obr.
457 1372 620 1411 dicetur.
736 1373 983 1412 interemisse.
1043 1371 1171 1414 Amb.
1207 1377 1243 1411 1.
1276 1373 1499 1411 intermisse.

293 1441 327 1492 ξ.
361 1446 427 1480 35.
486 1438 776 1494 defendendum.
835 1438 940 1479 Flor.
976 1454 996 1477 a
1023 1455 1080 1492 pr.
1111 1455 1164 1478 m.
1197 1438 1457 1494 slrferendum.
1537 1438 1612 1495 fi-

178 1510 278 1561 cisse
306 1507 347 1546 iel
376 1516 434 1546 est
462 1507 549 1546 Ῐιοη.
606 1505 713 1545 Flor.
747 1504 830 1560 fec.
872 1505 972 1544 idem
1010 1506 1099 1546 Ιιοη.
1167 1505 1276 1546 Jens.
1316 1515 1354 1544 et
1390 1506 1480 1546 edd.
1519 1516 1611 1546 ante

176 1574 286 1615 Sich.
314 1590 427 1614 meae
457 1577 585 1614 omitt.
617 1573 659 1611 icZ
688 1581 758 1611 est.
1770 1596 1775 1627 4

288 1647 325 1696 §.
356 1646 422 1683 36.
481 1642 760 1681 Finitionis—
785 1648 930 1693 quaest.
961 1655 1017 1678 ex.
1075 1637 1141 1678 Sic
1170 1640 1309 1691 procul
1338 1639 1458 1678 dubio
1489 1643 1610 1680 etiam

176 1710 306 1766 Amb.
334 1714 371 1748 1.
486 1726 537 1749 an
567 1707 815 1763 tyrannicida
843 1730 899 1736 -—
927 1724 951 1745 a
979 1722 1066 1759 quo.
1126 1704 1252 1745 Amb.
1280 1710 1317 1745 1.
1350 1721 1371 1745 a
1400 1722 1458 1759 pr.
1481 1722 1535 1747 m.
1570 1711 1612 1747 in

176 1775 425 1834 tyrannicidci
441 1773 542 1829 quod
571 1772 625 1827 (d
654 1773 794 1822 adjecit
819 1787 895 1811 sec.
926 1770 1009 1826 m.)
1040 1788 1132 1812 cum
1161 1772 1297 1812 Turio.
1329 1772 1445 1814 Alm.
1544 1774 1612 1813 cle-

173 1846 380 1901 prehensus
411 1845 461 1882 in.
519 1840 655 1880 Turio.
688 1854 709 1877 a
729 1855 787 1892 pr.
806 1854 860 1879 m.
895 1839 1099 1893 deprensus
1120 1848 1175 1878 cst
1192 1841 1245 1879 in.
1315 1838 1474 1894 fuerat.
1522 1840 1610 1881 Tu-

176 1917 247 1953 ric.
304 1914 373 1951 uit.
469 1909 537 1950 An
559 1906 785 1959 sacrilegus.
845 1905 970 1948 Amb.
995 1911 1032 1946 1.
1063 1909 1103 1945 in
1127 1906 1372 1959 sacrilegum.
1468 1909 1609 1965 qffixa.

178 1980 313 2023 Guelfs,
336 1979 476 2033 defixa.
560 1976 746 2014 detraxit.
787 1975 914 2016 Amb.
941 1979 976 2013 1.
1006 1974 1191 2013 detrahit.
1240 1972 1373 2014 Guelf.
1394 1975 1607 2017 abstraxit.

283 2050 320 2100 §0
354 2051 419 2086 37.
476 2045 701 2099 Spectatur.
761 2040 892 2081 Guelf.
920 2039 1037 2081 Voss.
1071 2047 1105 2081 1.
1133 2047 1169 2081 3.
1203 2051 1441 2095 expectatur.
1498 2042 1607 2084 Jens.

176 2127 215 2158 et
244 2117 334 2156 edd.
367 2123 457 2153 ante
488 2113 587 2154 Ald.
617 2118 855 2164 spectantur.
967 2108 1149 2148 incultus.
1209 2107 1343 2149 Guelf.
1376 2119 1551 2148 remotus.

287 2196 324 2246 ᾧ.
357 2198 422 2233 38.
479 2207 527 2230 ac
547 2188 703 2228 similia.
761 2186 870 2227 Jens.
905 2195 944 2225 et
974 2188 1061 2225 edd.
1090 2196 1178 2224 ante
1211 2185 1343 2236 Sich.,
1375 2202 1461 2227 exc.
1487 2187 1605 2240 Ald.‚

175 2275 213 2304 ct
243 2265 327 2302 sim.
422 2258 474 2298 acl
502 2261 576 2310 jus.
626 2255 753 2298 Amb.
783 2259 820 2294 1.
852 2253 905 2292 acl
935 2253 1052 2293 locos.
1112 2252 1215 2292 Flor.
1247 2253 1299 2292 acl
1320 2254 1440 2295 locus.
1479 2253 1606 2296 Amb.

175 2339 215 2375 2.
249 2329 359 2371 Sich.
393 2326 536 2367 aditus.
632 2339 684 2363 αη
710 2320 869 2360 alienus.
928 2320 1032 2361 Flor.
1063 2336 1143 2360 om.
1174 2337 1236 2360 αη.
1771 2351 1775 2395 l

288 2400 323 2448 ς,
347 2402 414 2437 39,
472 2394 689 2433 Privatam.
735 2387 864 2429 Guelf.
892 2391 1022 2442 prima
1041 2397 1133 2427 tam.
1218 2387 1425 2429 sustulisti.
1471 2391 1606 2430 Guelfi

174 2466 324 2507 sustuli.
381 2464 489 2504 Jens.
524 2470 562 2500 et
593 2460 680 2499 edd.
711 2464 800 2495 aute
822 2455 917 2496 Ald.
939 2455 1108 2494 sustulit.
1199 2455 1333 2495 sacr-il.
1355 2464 1424 2496 est.
1474 2455 1602 2499 Amb.

177 2541 212 2575 1.
248 2534 355 2574 Flor.
395 2531 531 2582 Camp.
571 2529 759 2567 omittunt
792 2531 862 2561 est.
965 2517 1196 2562 adulterum.
1246 2520 1379 2562 Guelf.
1411 2522 1537 2564 Amb.
1559 2528 1600 2562 2.

174 2601 386 2641 adulteros.
470 2594 739 2648 magistratui.
796 2589 900 2629 Jens.
937 2587 1034 2629 Loc.
1075 2587 1182 2629 Ven.
1220 2592 1489 2642 magistratus.

173 2669 403 2719 majestatis.
472 2664 596 2706 Amb.
628 2666 665 2701 1.
707 2659 813 2699 Flor.
851 2671 874 2696 a
901 2672 958 2710 pr.
989 2672 1040 2695 m.
1076 2658 1345 2710 magistratus.
1404 2655 1530 2697 Amb.
1564 2659 1600 2694 2.

171 2743 364 2787 magestat
370 2736 411 2771 is.
