1775 3091
196 285 199 287 .
236 230 320 273 240
673 228 942 284 Supplementa
973 232 1235 270 annotationis

235 345 403 390 circuitu
427 342 592 398 quodam
621 341 675 382 ad
703 340 757 381 id.
867 358 937 382 nec
963 343 1133 384 nimium.
1190 342 1313 386 Goth.
1344 361 1389 384 ne
1421 346 1512 385 nim.
1625 361 1670 384 ne

235 411 291 452 acl
319 414 459 451 omnia.
516 409 638 450 Goth.
669 424 737 448 nec
767 407 821 448 acl
846 425 883 449 ο.
949 408 1075 452 Amb.
1109 415 1145 450 1.
1173 410 1310 452 Tul-ic.
1341 427 1363 451 a
1394 428 1451 465 pr.
1479 426 1533 452 m.
1559 411 1669 453 Flor.

236 477 372 520 Guelf.
401 496 446 518 ne
472 479 614 517 omnia.
724 479 822 515 satis
849 479 909 516 sit.
961 477 1070 518 Jens.
1103 487 1141 518 et
1170 480 1258 518 edd.
1279 488 1369 518 ante
1389 478 1518 519 Stoer.
1542 494 1668 526 meae,

233 562 343 587 exce.
375 545 476 588 Ald.
508 543 617 584 sich.
732 546 831 584 satis
860 547 910 584 sit
937 569 994 577 —
1021 548 1097 601 qui.
1169 545 1305 587 Tunc.
1336 545 1446 587 Flor.
1478 561 1504 585 a
1530 562 1587 600 pr.
1616 562 1670 587 m.

231 617 330 657 satis
358 615 436 652 sita
456 611 590 651 idoneo
609 613 686 666 qui.

345 704 381 754 §.
413 705 478 742 17.
532 700 594 741 At
623 703 675 741 ἰη.
736 700 863 744 Amb.
884 709 921 744 2.
951 720 1003 743 an
1037 706 1090 744 ιἠ.
1203 703 1378 743 dicturus
1398 713 1465 744 cst.
1516 702 1608 743 Par.
1631 709 1668 743 1.

229 777 269 813 5.
290 773 414 819 omitt.
436 779 503 809 est.
615 771 746 809 interr.
777 782 832 809 est
861 782 1018 824 emtor-q.
1074 770 1200 812 Amb.
1231 777 1267 811 1.
1287 777 1325 812 2.
1355 785 1512 826 quoque
1542 773 1670 811 omitt.

229 848 296 878 est.
396 836 574 878 noluerit.
632 835 767 879 Guelf.
788 837 963 878 volucrit.
1021 837 1116 877 Hoc
1150 853 1227 877 om.
1247 837 1387 892 Camp.
1480 854 1555 877 non
1574 837 1666 877 alio.

227 904 351 946 Amb.
384 909 417 944 1.
458 915 558 946 rato.
683 922 836 947 causae.
903 904 1036 945 Turio.
1077 922 1198 945 causa
1240 915 1305 944 cst.
1425 905 1668 959 perducetur.

229 971 371 1026 Camp.
404 972 624 1026 deducetur.

337 1065 373 1116 §.
404 1068 468 1104 18.
524 1074 566 1103 ut
586 1065 626 1103 in
646 1080 704 1104 or.
762 1062 902 1116 Camp.
925 1073 960 1101 et
981 1065 1020 1102 in
1039 1079 1097 1102 or.
1212 1079 1364 1117 sparsa.
1420 1061 1527 1103 Flor.
1561 1078 1585 1103 a
1606 1079 1666 1117 pr.

224 1145 281 1172 m.
317 1132 444 1174 Amb.
474 1137 514 1172 2.
548 1131 639 1173 Par.
671 1136 709 1172 5.
727 1131 810 1188 J'ar
835 1131 967 1184 piosa.
1032 1130 1121 1171 Par.
1152 1136 1189 1170 1.
1219 1137 1258 1172 2.
1287 1147 1439 1185 perosa.
1550 1148 1666 1170 reum.

224 1199 391 1241 Omittit
415 1197 538 1239 Goth.
650 1200 923 1239 convincimus,
980 1197 1105 1240 Amb.
1135 1203 1172 1240 1.
1202 1198 1336 1239 Turio.
1363 1197 1468 1238 Flor.
1492 1213 1514 1238 a
1533 1214 1589 1251 pr.
1607 1213 1664 1240 m.

222 1266 340 1309 Alm.
363 1265 502 1320 Camp.
524 1269 800 1320 conjungimus.
848 1263 966 1306 Voss.
991 1271 1027 1307 3.
1051 1268 1298 1307 convicimus.
1397 1265 1444 1303 tle
1466 1268 1663 1306 insecutis.

216 1333 330 1374 Flor.
367 1333 504 1387 Camp.
536 1334 672 1374 deinde
697 1337 848 1374 secutis.
911 1334 1027 1377 Alm.
1065 1335 1152 1374 dein
1180 1336 1334 1374 secutis,
1386 1347 1511 1386 marg.
1541 1332 1663 1373 Basss.

222 1402 271 1440 de
300 1404 526 1441 consecutis,
638 1412 817 1455 tempore.
873 1401 980 1443 Flor.
1011 1418 1033 1442 a
1054 1419 1112 1456 pr.
1131 1418 1181 1441 m.
1213 1412 1400 1456 tempora.
1515 1402 1663 1441 ceteris.

221 1469 291 1510 Sic
318 1472 438 1509 etiam
458 1468 563 1508 Flor.
584 1467 710 1510 Amb‚
729 1474 767 1508 2.
786 1468 876 1509 Par.
900 1475 937 1509 1.
1048 1469 1152 1524 quod
1172 1468 1233 1508 illi
1257 1468 1326 1507 vel.
1375 1466 1510 1509 Guelf.
1532 1468 1660 1510 Amb.

220 1543 261 1579 2.
277 1540 402 1578 omitt.
425 1535 498 1576 illi.
608 1552 704 1590 quac
721 1535 905 1574 volumus.
965 1535 1081 1576 Voss.
1106 1542 1142 1576 2.
1168 1535 1305 1588 Camp.
1327 1534 1429 1589 quod
1449 1551 1487 1576 v.
1599 1536 1665 1576 vel

220 1608 270 1645 iis
299 1622 408 1659 quae.
464 1603 599 1643 Turic.
616 1618 638 1642 a
656 1619 712 1655 pr.
734 1618 785 1641 m.
806 1618 882 1642 om.
903 1605 965 1654 iis,
1016 1619 1038 1642 a
1064 1620 1140 1643 sec.
1168 1618 1221 1642 m.
1251 1618 1343 1641 cum
1365 1601 1497 1644 Guelf.
1518 1602 1657 1657 Camp.

219 1672 283 1712 vel
300 1673 359 1711 liis
381 1688 488 1726 quae.
606 1670 767 1708 ‹limen-it.
819 1670 954 1709 Turio.
988 1686 1010 1709 a
1030 1686 1087 1723 pr.
1108 1686 1162 1710 m.
1187 1670 1428 1724 ‹lin-rimae,
1467 1685 1489 1709 a
1509 1686 1584 1711 sec.
1603 1686 1658 1712 m.

219 1740 384 1778 clia-erat
404 1753 496 1777 cum
518 1736 656 1789 Camp.
676 1736 782 1777 Jens.
805 1736 904 1778 Obr.
954 1737 1017 1778 At
1035 1737 1151 1778 Alm.
1172 1737 1370 1792 dixcrque.
1417 1736 1533 1778 Voss.
1560 1744 1595 1778 1.
1616 1744 1656 1780 3.

219 1807 410 1846 diximus.
523 1821 750 1860 repugnare.
810 1804 945 1845 Tmic.
965 1803 1093 1857 Flor.,
1132 1813 1299 1859 uterque
1326 1819 1348 1844 a
1375 1820 1431 1858 pr.
1455 1820 1510 1846 m.
1537 1805 1656 1848 Ahn.

212 1891 401 1931 pugnare·

329 1955 361 2005 ξ.
389 1957 453 1993 19.
509 1951 561 1991 ΙιΖ
578 1953 624 1992 si.
685 1949 823 2004 Camp.
845 1949 908 1989 vel
927 1952 970 1989 si.
1057 1953 1261 2004 contingit.
1306 1949 1433 1992 Amb.
1454 1956 1492 1992 1.
1516 1950 1653 1995 Turio.

213 2020 320 2062 Flor.
341 2036 363 2060 a
380 2036 435 2073 pr.
455 2035 506 2059 m.
529 2021 704 2071 contigit.
817 2029 857 2056 ut
879 2035 973 2059 cum.
1033 2016 1168 2058 Turic.
1198 2033 1220 2056 a
1240 2033 1299 2071 pr.
1318 2033 1372 2060 m.
1394 2029 1436 2057 ut
1457 2035 1554 2060 cum.

213 2088 328 2129 nolle.
395 2085 528 2127 Guelf.
557 2086 664 2125 velle.
732 2087 773 2124 in
811 2085 955 2139 aliquo.
1019 2084 1156 2124 Turio.
1198 2100 1221 2124 a
1248 2101 1303 2139 pr.
1338 2101 1393 2126 m.
1422 2089 1463 2126 in
1491 2085 1652 2141 aliquod

213 2172 308 2197 cum
327 2155 433 2195 Flor.
453 2170 475 2194 a
496 2170 552 2207 pr.
574 2168 629 2194 m.
649 2152 761 2195 Alm.
791 2152 924 2191 Guelf.
944 2151 1069 2193 Amb.
1088 2158 1127 2192 2.
1151 2151 1287 2193 Oxou.
1314 2151 1444 2205 Lugd.
1546 2152 1650 2207 quod

210 2224 283 2264 vel.
336 2222 468 2263 Turio.
495 2237 518 2261 a
534 2238 610 2261 sec.
628 2236 681 2261 m.
701 2220 806 2260 Flor.
827 2235 848 2259 a
869 2235 926 2273 pr.
945 2234 998 2260 m.
1030 2217 1164 2259 Guelf.
1194 2218 1320 2260 Amb.
1338 2226 1377 2260 2.
1407 2218 1523 2259 Voss.
1548 2227 1587 2261 2.
1609 2224 1648 2261 3.

209 2291 331 2333 Bern.
362 2293 551 2330 omittunt
580 2287 692 2343 quod.
803 2304 972 2326 causam.
1029 2285 1162 2326 Turic.
1195 2301 1217 2325 a
1242 2302 1317 2327 sec.
1337 2301 1391 2326 m.
1420 2285 1523 2327 Flor.
1547 2302 1569 2326 a
1586 2303 1647 2340 pr.

208 2375 264 2400 m.
287 2357 421 2399 Guelf.
441 2357 564 2399 Amb.
584 2362 622 2397 2.
637 2354 742 2396 Jens.
764 2352 859 2394 Loc.
879 2352 986 2394 Ven.
1008 2370 1160 2393 causas.
1254 2356 1314 2392 sit.
1365 2351 1499 2394 Guelf.
1521 2352 1645 2396 Goth.

207 2425 326 2468 Voss.
347 2432 384 2468 2.
406 2430 440 2465 3.
471 2424 588 2466 Bern.
613 2425 813 2462 omittunt.
926 2425 1046 2461 etiam
1076 2421 1231 2461 diutius.
1290 2418 1411 2463 Goth.
1435 2423 1496 2461 est
1515 2421 1554 2462 d.

320 2505 354 2556 ξ.
373 2509 441 2545 20.
488 2505 640 2542 nesciet.
673 2498 777 2540 Item
796 2499 922 2542 Amb.
946 2504 982 2539 1.
1004 2505 1044 2540 2.
1063 2498 1169 2540 Flor.
1186 2499 1274 2539 Par.
1296 2505 1332 2539 3.
1390 2499 1473 2540 Sed
1488 2499 1578 2540 Par.
1601 2505 1638 2540 1.

206 2575 380 2613 nesciret.
432 2571 522 2612 I‘ar.
554 2574 593 2611 5.
623 2570 781 2608 nesciat.
893 2577 1005 2606 actor
1034 2566 1138 2620 quid.
1188 2566 1315 2608 Amb.
1337 2571 1373 2606 1.
1403 2577 1540 2607 auctor
1561 2568 1639 2619 qui.

283 2641 485 2694 propositi·
541 2637 650 2680 Jens.
668 2635 861 2691 proponit.
970 2633 1209 2687 pedetentim.
1261 2633 1388 2675 Amb.
1411 2639 1449 2674 2.
1464 2631 1638 2686 pediten-

203 2709 290 2748 tim.
402 2709 481 2760 ejus
521 2717 557 2746 et
597 2704 660 2746 ad.
726 2702 861 2744 Turio.
903 2715 926 2741 a
955 2716 1013 2755 pr.
1042 2716 1098 2741 m.
1131 2700 1237 2743 Flor.
1279 2698 1412 2742 Guelf.
1441 2699 1566 2742 Amb.
1597 2705 1635 2742 2.
