1804 3091
432 878 1288 935 PROOEMIUM.

133 1261 442 1327 Supplementa
480 1286 632 1327 operae
663 1287 765 1314 suae
805 1274 849 1313 in
882 1270 1137 1322 Quintiliani
1176 1271 1445 1312 Institutione
1484 1282 1577 1309 ora-

135 1354 241 1393 toria
270 1360 311 1391 et
343 1350 607 1390 emendanda
636 1359 677 1391 et
703 1348 955 1404 explicanda
994 1351 1156 1405 positae
1186 1350 1276 1403 ipse
1307 1346 1580 1403 Spaldingius

134 1430 396 1472 conficienda
433 1428 515 1469 sibi
556 1443 649 1469 esse
680 1430 820 1470 statim
852 1438 945 1483 post
984 1430 1118 1469 editos
1157 1426 1316 1482 aliquot
1351 1425 1484 1467 libros
1517 1426 1581 1464 in-

133 1509 318 1559 tellexit,
349 1517 391 1548 et
422 1509 555 1548 auctis
583 1507 762 1549 subinde
794 1509 940 1563 copiis,
972 1522 1067 1548 cum
1098 1509 1191 1561 ejus
1222 1507 1284 1546 rei
1314 1504 1579 1547 manifestior

131 1589 255 1630 fieret
295 1588 547 1638 necessitas,
583 1588 838 1641 promissum
877 1588 1119 1627 renovavit:
1169 1599 1317 1626 verum
1353 1586 1580 1625 immatura

132 1676 267 1709 morte
298 1680 521 1720 oppressus
552 1681 635 1706 non
666 1666 791 1708 modo
821 1665 1206 1721 supplementorum
1227 1662 1579 1719 colligendorum,

132 1746 206 1786 sed
247 1746 374 1784 etiam
413 1745 567 1798 integri
609 1746 747 1798 operis
791 1743 1043 1785 absolvendi
1082 1758 1224 1784 curam
1263 1741 1359 1783 aljis
1397 1738 1580 1793 reliquit.

133 1825 186 1864 Et
223 1822 332 1862 hanc
378 1821 545 1875 quidem
585 1829 743 1874 partem
793 1824 930 1876 operis
980 1821 1170 1862 derelicti
1208 1819 1426 1875 Philippus
1463 1815 1583 1857 Butt-

136 1915 337 1950 mannus,
370 1914 477 1953 quo,
510 1899 608 1938 dum
638 1901 681 1938 in
714 1901 820 1940 vivis
852 1908 941 1940 erat
952 1938 964 1959 ‚
1002 1899 1332 1940 familiarissime
1361 1911 1464 1937 usus
1493 1903 1584 1934 erat

139 1978 437 2034 Spaldingius‚
477 1976 680 2026 absolvit3
723 1992 829 2032 quae
858 1987 1101 2033 supererat,
1130 1977 1258 2034 longe
1290 1991 1384 2018 eam
1414 1974 1582 2030 quidem

134 2057 347 2099 utiliorem
374 2054 540 2106 litteris,
574 2070 697 2110 quam
724 2056 1035 2110 jucundiorem,
1065 2065 1287 2112 postquam
1310 2054 1421 2110 Aug.
1442 2050 1583 2093 Wolf-

134 2136 242 2187 fius,
274 2137 318 2176 in
350 2133 495 2175 schola
523 2134 774 2190 provinciali
802 2135 998 2176 Portensi
1026 2136 1242 2190 professor
1271 2133 1583 2180 meritissimus,

134 2216 349 2269 deposuit,
379 2227 458 2269 ego
489 2212 594 2253 mihi
623 2214 869 2254 demandari
897 2229 1046 2269 passus
1076 2229 1194 2266 sum,
1225 2222 1365 2255 motus
1396 2220 1438 2252 et
1466 2209 1586 2251 Butt-

135 2293 280 2334 manni
310 2293 555 2332 auctoritate
576 2301 616 2332 et
638 2289 965 2347 Spaldingianae
985 2294 1214 2333 memoriae
1237 2293 1423 2333 caritate.
1461 2286 1585 2337 Quae

135 2371 433 2424 impedimenta
470 2371 792 2424 occupationum
831 2370 937 2411 mihi
975 2371 1226 2421 acciderint,
1266 2370 1488 2426 quominus
1526 2366 1585 2418 id,

137 2449 247 2503 quod
275 2447 405 2488 semel
438 2450 732 2502 suscepissem,
762 2451 806 2490 in
833 2450 1210 2490 summa'faciendi
1242 2447 1472 2496 voluntate,
1502 2455 1586 2486 sta-

140 2529 215 2568 tim
246 2526 439 2567 effectum
471 2528 628 2576 darem,
662 2535 703 2567 et
732 2527 837 2568 mihi
867 2527 1089 2570 molestum
1121 2538 1186 2569 est
1214 2529 1377 2576 dicere,
1409 2539 1488 2565 nec
1519 2538 1584 2564 re·
1626 2561 1628 2569 ,

141 2606 223 2646 fert
272 2604 452 2645 aliorum
497 2606 629 2646 scire:
680 2603 788 2645 solvi
835 2619 947 2647 nunc
986 2608 1155 2647 tandem
1200 2620 1353 2647 nomen
1392 2612 1434 2644 et
1466 2604 1588 2656 juvat
1630 2598 1633 2603 ⁴

145 2683 364 2733 oblivisci,
401 2692 603 2737 quantum
633 2697 758 2724 curae
788 2692 832 2724 et
861 2682 1045 2734 laboris,
1076 2694 1276 2739 quantum
1304 2685 1430 2724 etiam
1462 2681 1587 2722 taedii
