1775 3091
289 249 370 287 436
721 244 992 298 Supplementa
1035 249 1295 285 annotationis

399 363 443 414 §.'
469 365 534 402 36.
594 362 712 398 venit.
752 357 842 397 Par.
874 362 912 397 1.
936 360 1077 397 veniat.

402 434 438 483 ξ.
472 434 536 469 39.
598 438 635 464 ιιτ
658 429 697 464 in
718 425 803 464 illa.
848 424 914 465 Sic
938 425 1025 465 Par.
1046 432 1084 466 1.
1108 433 1145 466 2.
1169 432 1205 465 6.
1276 426 1396 466 multa
1415 428 1586 466 membra
1604 428 1730 468 habet.

294 499 382 538 Par.
408 503 444 537 1.
465 503 505 536 2.
529 501 565 533 6.
586 492 708 532 multa
731 493 867 532 habent
885 511 936 533 m.
1025 505 1058 532 c!
1083 496 1183 533 sicut
1203 518 1258 524 ——
1278 505 1345 533 est.
1386 494 1477 535 Par.
1502 500 1539 535 6.
1563 506 1597 534 et
1617 513 1732 534 unam

295 564 671 605 circumductionem.
722 560 813 600 Par.
844 566 884 601 2.
917 577 995 603 sec,
1025 577 1080 601 m.
1117 562 1186 600 sub
1215 579 1328 601 unam
1353 563 1728 603 circumductionem.

295 634 384 673 Par.
411 637 445 670 1.
467 636 506 671 2.
529 628 738 684 aliquando
759 639 793 666 et
812 645 889 666 una
907 629 1185 669 circumductio
1207 640 1277 669 est.

403 702 437 751 (ᾗ.
470 700 536 738 42.
595 697 669 736 hoc
687 698 887 749 gravior.>
912 694 978 735 Sic
1006 695 1095 744 Par.
1129 704 1164 737 1.
1193 703 1231 737 2.
1262 702 1298 737 6.
1387 714 1493 750 crgo.
1543 697 1611 738 Sic
1639 698 1739 749 Par..

300 775 335 807 1,
358 774 432 807 2}
484 765 609 819 hique.
650 763 740 804 Par.
773 767 811 802 1.
836 768 875 802 2.
900 767 937 803 6.
969 763 1011 803 lai
1040 781 1202 818 quoquc.
1288 767 1506 805 intentione.
1552 765 1620 806 Sic
1642 766 1730 806 Par.

301 842 336 875 1.
370 839 406 873 6.

410 903 448 953 §.
480 901 549 938 44.
607 902 675 954 qui
693 899 770 939 dic.
811 897 900 938 Par.
927 904 961 938 1.
985 904 1025 938 2.
1047 915 1143 952 qnae
1160 898 1198 937 cl.
1284 897 1509 951 μονοειδής.
1548 898 1614 939 Sic
1640 898 1730 938 Par.

298 978 339 1012 2.
387 968 598 1021 ἀνωμαλία
624 967 715 1008 I‘ar.
743 972 779 1006 1.
804 970 842 1005 6.
929 968 1150 1005 mutatione.
1189 966 1256 1007 Sic
1275 965 1364 1005 Par.
1387 971 1426 1006 2.
1451 970 1488 1005 6.
1534 976 1733 1020 permuta—

297 1043 399 1078 !iotzc
426 1037 516 1076 Par.
540 1041 577 1076 1.

410 1106 447 1155 §.
479 1105 548 1144 49.
605 1100 708 1156 quod
726 1117 855 1154 magn.
898 1100 965 1141 Sic
983 1099 1072 1141 Par.
1088 1105 1169 1140 1.2.
1184 1105 1220 1140 6.
1261 1118 1332 1155 φιο
1350 1118 1400 1140 m.
1421 1100 1510 1140 Par.
1525 1106 1563 1141 2.
1583 1117 1659 1140 sec.
1675 1116 1729 1140 m.

407 1176 444 1226 §.
477 1176 544 1212 50.
602 1169 723 1210 incid.
756 1185 861 1209 com.
919 1168 986 1208 Sic
1014 1168 1104 1208 Par.
1139 1174 1173 1207 1.
1209 1173 1272 1217 6.,
1323 1171 1391 1208 sed
1419 1168 1511 1209 Par.
1541 1175 1580 1210 2.
1612 1172 1731 1208 inser.

295 1253 470 1281 veterem.

407 1310 442 1360 ξ.
477 1311 543 1347 51.
604 1322 719 1360 neque
744 1328 799 1335 -
824 1321 954 1360 neque.
1003 1298 1094 1344 Par.
1120 1308 1156 1343 1.
1179 1309 1217 1344 2.
1243 1319 1312 1342 nec
1338 1328 1393 1333 —
1421 1320 1502 1344 nec.
1592 1302 1735 1342 Grac-m*

298 1394 442 1418 nomen.
480 1374 546 1414 Sic
567 1373 657 1414 Par.
683 1378 720 1413 1.
740 1379 779 1413 2.
805 1377 842 1419 6.

405 1447 440 1493 §.
474 1447 539 1483 52.
600 1457 689 1495 qua.
731 1439 798 1479 Sic
817 1440 906 1479 Par.
930 1445 968 1479 2³.
988 1460 991 1464 ·
1018 1443 1113 1492 quia
1130 1438 1219 1479 Par.
1241 1443 1276 1478 1.

405 1515 440 1564 ᾗ.
475 1511 542 1550 55.
601 1505 794 1561 βράςχον.
832 1505 923 1545 Par.
950 1511 986 1544 1.
1007 1503 1203 1558 βράγμον.

408 1581 442 1630 §.
478 1582 542 1617 56.
604 1573 803 1628 loquendo.
843 1572 910 1612 Sic
939 1571 1029 1611 Par.
1057 1577 1094 1611 1.
1115 1578 1154 1613 2.
1214 1571 1423 1626 eloquendo
1442 1573 1531 1613 Par.
1556 1577 1594 1612 6.

404 1647 440 1697 ξ.
473 1649 538 1685 57.
598 1640 815 1680 labor-amr.
858 1638 925 1678 Sic
946 1637 1036 1678 Par.
1058 1645 1097 1678 2.
1146 1638 1334 1677 liberatur
1357 1639 1448 1680 Par,
1475 1647 1511 1680 1.
1535 1645 1574 1680 6.
1663 1657 1729 1680 co·-

294 1715 547 1752 missaniium.
592 1708 658 1749 Sic
682 1708 773 1747 Par.
798 1712 836 1745 6.
896 1707 1187 1744 comessantium
1214 1705 1304 1746 Par.
1328 1712 1365 1746 1.
1388 1713 1428 1746 2.

406 1781 442 1832 §.
475 1783 541 1819 58.
601 1775 759 1828 [Ludos
780 1773 924 1812 {alar-cs
946 1775 1126 1825 intelligo
1159 1774 1272 1812 ludos
1300 1777 1494 1824 musicos,
1535 1775 1730 1828 siquidem

295 1852 459 1888 artifices
476 1845 711 1899 Dionysiaci
732 1857 868 1881 omues
879 1871 890 1889 ,
930 1842 1123 1894 imprimis
1142 1841 1383 1893 citharoedi,
1410 1845 1522 1880 ‹stola
1542 1835 1729 1880 muliebri

292 1916 418 1955 talari
451 1916 673 1953 utebantur.
742 1907 827 1960 Qui
857 1908 1020 1947 talarios
1047 1911 1378 1961 interpretantur,
1428 1913 1511 1949 vim
1539 1910 1730 1949 adhibent

259 2010 262 2014 Δ
291 1987 382 2023 usui
412 1984 601 2022 sermonis
632 1986 672 2017 et
692 1992 845 2016 nexum
866 1978 1152 2015 sententiarum
1172 1980 1390 2029 negligunt.
1448 1976 1517 2017 Ab
1540 1978 1729 2015 emenda-

290 2055 399 2092 tione
419 2059 552 2089 autem
571 2047 816 2091 Pithoemm,
847 2047 917 2083 vili
934 2046 1004 2082 illa
1025 2044 1189 2097 quidem
1209 2054 1367 2097 propter
1387 2047 1631 2083 vicinitatem
1650 2047 1728 2084 loci

294 2118 544 2159 Ciceroniani
557 2147 567 2166 ,
598 2129 751 2167 prorsus
776 2111 1010 2162 abhorreo.]

401 2189 436 2238 §.
470 2188 536 2223 60.
596 2184 721 2221 initio.
763 2179 830 2220 Sic
849 2178 938 2218 Par.
964 2182 1000 2218 6.
1060 2179 1154 2217 viiio
1179 2177 1268 2218 Par.
1294 2181 1328 2217 1.
1352 2183 1391 2219 2.

400 2257 437 2306 §.
470 2255 536 2291 62.
597 2249 742 2299 indeoe,
782 2263 843 2286 ae.
889 2244 955 2285 Sic
982 2245 1073 2286 Par.
1105 2250 1141 2284 1.
1178 2250 1238 2294 6.,
1292 2247 1361 2285 sed
1389 2243 1480 2284 Par.
1503 2251 1542 2287 2.
1570 2261 1646 2286 sec.
1668 2261 1721 2286 111.

291 2320 394 2360 velut
413 2317 629 2372 eoeemplar.

400 2389 436 2440 §.
470 2391 535 2426 63.
594 2382 759 2423 Paulum
785 2384 828 2419 in
851 2382 929 2419 inv.
978 2378 1046 2420 Sic
1071 2378 1161 2419 Par.
1187 2384 1223 2419 1.
1248 2383 1286 2419 2.
1311 2384 1347 2418 6.
1435 2379 1586 2421 leniior.
1632 2381 1721 2422 Par.

295 2461 333 2496 1.
357 2461 397 2496 2.
424 2459 461 2494 6.
489 2453 624 2492 lenior.

399 2523 434 2574 §.
467 2525 533 2560 66.
591 2517 765 2558 saltatio.
806 2514 873 2555 Sio
899 2514 989 2555 Par.
1013 2520 1054 2555 2.
1101 2513 1287 2553 salutatio
1310 2513 1399 2554 Par.
1425 2520 1460 2554 1.
1489 2520 1527 2556 6.
1579 2550 1581 2552 ,
1616 2517 1723 2556 vultu

290 2593 391 2643 ingr.
433 2587 500 2628 Sic
529 2587 618 2626 Par.
645 2591 681 2625 1.
702 2590 741 2625 2.
771 2587 809 2622 6.

397 2658 432 2708 §.
467 2659 531 2694 67.
592 2655 632 2691 in
646 2654 813 2690 intimos.
852 2648 919 2688 Sic
942 2648 1031 2689 Par.
1055 2652 1092 2688 6.
1110 2680 1120 2698 ‚
1152 2648 1222 2687 sed
1237 2647 1327 2687 Par.
1351 2653 1387 2688 1.
1412 2655 1451 2690 2.
1477 2665 1555 2690 om.
1581 2653 1631 2689 in.

289 2743 310 2763 a
336 2734 452 2764 motu.
492 2721 558 2762 Sic
580 2719 670 2760 Par.
692 2724 754 2766 2.‚
784 2717 854 2757 sed
871 2715 960 2756 Par.
981 2721 1019 2756 1.
1044 2720 1081 2755 6.
1106 2731 1185 2756 om.
1209 2733 1245 2755 α.
