1775 3091
217 182 297 221 424
668 184 940 240 Supplementa
980 190 1241 228 annotationis

333 294 368 344 §.
400 299 439 335 8.
499 313 573 337 uno
598 313 683 349 gen.
735 297 803 338 Sic
835 297 924 338 Par.
959 303 996 338 1.
1027 305 1067 340 2.
1105 305 1142 342 6.
1161 323 1178 350 ‚·
1214 301 1282 341 sed
1309 300 1399 342 Par.
1430 308 1469 343 2.
1499 318 1574 343 sec.
1596 318 1651 344 m.

219 363 336 403 inser.
359 372 519 404 tantum.
600 367 718 403 viam.
750 363 879 404 Nunc.
927 365 1017 406 Par.
1040 373 1078 408 2.
1113 371 1230 408 inser.
1254 371 1294 407 in
1316 369 1486 410 dicendo.

332 442 368 497 §a
401 446 441 482 9.
500 440 601 481 aliae
620 452 701 496 atq.
722 441 836 483 aliae.
878 443 1002 484 Aan.
1029 451 1066 486 2.
1089 444 1171 486 αἷὶα
1192 445 1379 501 aliaeque.

332 520 370 571 §.
403 524 467 560 10.
523 523 664 573 parari
680 545 736 552 —
757 537 824 562 ex.
873 519 996 562 Anib-
1021 530 1060 565 2.
1087 541 1232 578 parare
1253 549 1308 556 -—
1328 536 1363 564 et
1388 550 1443 557 -—
1473 543 1653 582 quaeque,

306 585 414 625 Nam
440 589 495 626 in.
538 587 628 631 Par.
650 593 686 628 1.
709 594 749 630 2.
773 595 811 630 6.
833 605 912 630 om.
936 593 999 642 in,
1040 593 1138 632 item
1165 591 1288 633 Amb.
1318 599 1356 633 2.

335 666 370 716 §.
405 668 469 703 11.
528 667 697 706 virtutis.
743 666 811 707 Sic
831 667 921 710 Par.
950 674 989 709 2.
1019 685 1095 709 sec.
1114 685 1169 709 m.
1221 674 1404 711 virtutum
1435 672 1523 712 Par.
1558 678 1595 713 1.
1622 679 1655 712 6.

220 728 344 770 Amb.
365 736 402 771 2.
483 731 631 781 θέσεις.
669 733 760 774 Par.
787 740 822 779 1.
843 741 885 776 2.
906 741 942 776 6.
963 736 1094 776 thesis.

336 811 373 859 §.
408 814 472 850 12.
530 810 577 851 de
598 829 651 852 re.
688 811 780 853 Par.
801 819 840 854 2.
861 813 907 854 de
928 812 1005 855 reo.
1089 826 1266 869 paratus.
1304 816 1428 857 Amb.
1453 823 1492 857 2.
1513 817 1601 858 Par.
1619 824 1653 857 1.

224 882 262 920 2.
286 881 323 916 6.
333 888 492 930 gratus,

334 957 368 1006 ᾧ.
403 961 468 996 13.
530 960 764 999 recitaverit.
799 958 925 1000 Amb.
945 965 984 1000 2.
1007 963 1197 1001 recitavit.
1278 961 1363 1015 jud.
1384 978 1445 1001 an.
1482 961 1549 1003 Sic
1567 961 1656 1004 Par.

223 1027 262 1062 2.
286 1038 359 1062 sec.
380 1039 435 1064 111.
450 1057 460 1074 ,
500 1026 570 1065 sed
589 1030 736 1067 omittit
753 1043 804 1066 αη
823 1025 950 1066 Amb.
974 1032 1015 1067 2.

336 1103 372 1151 §.
403 1107 467 1143 17.
528 1104 703 1160 difficile.
740 1104 867 1146 Amb.
887 1112 926 1147 2.
950 1106 1040 1147 Par.
1063 1111 1100 1146 1.
1115 1112 1154 1146 2.
1171 1110 1209 1146 6.
1231 1105 1420 1163 difficilis.
1506 1107 1661 1148 diores-

221 1183 296 1208 508.
337 1167 464 1210 Amb.
487 1177 526 1212 2.
558 1171 649 1214 Par.
675 1179 711 1213 1.
734 1179 773 1213 2.
796 1179 833 1214 6.
856 1174 1061 1228 digressus,
1120 1173 1231 1226 [Hoc
1251 1176 1413 1228 quidem
1430 1178 1508 1226 jam
1537 1141 1657 1229 gestet,

220 1238 474 1276 scribendum
504 1255 586 1278 esse
618 1251 659 1278 ut
698 1240 874 1296 difficilis
908 1243 956 1281 ab
985 1242 1044 1280 lzis
1075 1240 1271 1293 digressus
1299 1244 1373 1293 sit,
1425 1243 1495 1282 sed
1526 1252 1659 1282 utrum

222 1312 425 1354 praeterea
457 1322 549 1345 cum
578 1306 814 1348 Frotschero
845 1311 1002 1360 adjicias
1024 1326 1082 1357 se,
1123 1310 1344 1349 secundum
1361 1312 1477 1348 illum
1496 1311 1660 1364 quidem

222 1371 326 1409 inter
346 1373 522 1411 inanibus
543 1383 580 1413 et
602 1375 848 1426 simulacris,
889 1392 960 1425 an,
999 1377 1108 1431 quod
1130 1391 1200 1429 ego
1222 1379 1451 1426 maluerim,
1490 1380 1660 1431 corrigas

223 1451 440 1477 assuescere
459 1455 529 1492 pro
551 1442 814 1497 assuefacere,
845 1447 927 1495 ipse
951 1445 1154 1493 dijudices.
1212 1443 1502 1483 Emendatione
1523 1449 1661 1499 utique

223 1517 319 1555 opus
351 1514 431 1556 est,
469 1522 585 1559 uam,
628 1519 671 1549 ut
705 1526 814 1548 nunc
842 1513 961 1562 vulgo
993 1513 1163 1562 legitur,
1204 1511 1394 1562 impedita
1419 1514 1541 1550 oratio
1567 1513 1660 1550 ferri

220 1573 401 1625 nequit]
474 1579 753 1616 consenuerint.
795 1576 885 1616 Par.
907 1582 944 1617 5.
969 1576 1092 1616 Amb.
1116 1582 1156 1617 2.
1179 1588 1465 1617 consenuerunt.
1505 1578 1594 1618 Par.
1618 1585 1657 1619 2.

223 1652 507 1680 consueverunt.

329 1708 364 1758 §.
404 1714 468 1749 19.
525 1708 653 1749 velint.
690 1708 757 1749 Sic
786 1709 875 1750 Par.
903 1716 942 1751 2.
979 1725 1055 1750 sec.
1079 1726 1134 1750 m,
1203 1709 1304 1749 velut
1330 1710 1419 1750 Par.
1447 1716 1482 1751 1.
1506 1716 1543 1751 6.
1602 1712 1664 1752 vel

222 1775 261 1810 in
293 1773 418 1815 Amb.
444 1781 484 1816 2.

331 1847 367 1895 ᾗ.
399 1849 467 1884 20.
525 1844 764 1884 decretoriis.
805 1844 872 1885 Sic
904 1845 991 1885 Par.
1022 1853 1060 1886 2.
1092 1861 1167 1885 sec.
1191 1861 1246 1885 m.
1298 1845 1344 1884 de
1364 1846 1542 1885 rhetoriis
1568 1845 1657 1886 Par.

226 1912 262 1946 1.
284 1913 322 1950 6.
381 1911 608 1952 ἅσνεείονὶιέ
628 1912 751 1952 Amb.
776 1918 815 1953 2.
905 1912 1065 1954 Cestius.
1104 1912 1171 1953 Sic
1191 1913 1316 1952 Amb.
1339 1920 1393 1964 2.,
1422 1914 1492 1952 sed
1510 1913 1599 1953 Par.
1626 1918 1662 1954 1.

222 1980 261 2015 2.
292 1981 458 2018 sextius.
497 1979 586 2019 Par.
613 1985 648 2020 6.
682 1983 825 2019 {er-iius.

335 2046 370 2095 ᾗ.
404 2052 469 2085 21.
527 2059 608 2087 azot.
633 2048 736 2087 idon.
775 2048 864 2087 Par.
881 2052 916 2086 1.
932 2053 969 2087 2.
985 2053 1017 2086 6.
1040 2047 1164 2088 Amb.
1181 2056 1218 2088 2.
1240 2053 1358 2088 inser.
1380 2050 1426 2086 si.
1476 2047 1525 2098 [et
1544 2061 1659 2086 max.

208 2110 465 2165 favorabilia
485 2115 609 2154 edidit
629 2114 862 2163 Pottierius‚
894 2125 937 2153 ut
956 2119 1090 2168 vulgo,
1122 2132 1195 2156 uec
1219 2118 1415 2156 varietatis
1443 2117 1660 2168 quicquam

223 2180 377 2229 adjecit.
439 2181 582 2221 Utrum
609 2185 664 2222 sic
693 2198 743 2221 an
775 2193 841 2221 aut
868 2186 1032 2231 scribas,
1073 2200 1213 2237 parum
1241 2187 1421 2234 interest3
1460 2183 1528 2221 sed
1549 2182 1658 2235 quod

223 2244 479 2301 Spaldingius
502 2252 611 2289 dedit
631 2262 693 2301 ul,
731 2253 949 2289 sententiae
971 2252 1209 2291 adversatur.
1269 2250 1405 2304 Neque
1429 2253 1535 2287 enim
1561 2263 1661 2302 quae

219 2324 313 2353 sunt
332 2318 537 2366 facillima,
565 2319 703 2356 eadem
725 2321 898 2356 maxime
922 2320 1096 2358 favorem
1117 2319 1323 2370 excitant]
1385 2317 1469 2356 Ioco
1490 2315 1659 2372 -fcrc-

224 2381 289 2421 Sic
311 2387 430 2422 etiam
452 2384 574 2423 Amb.
599 2391 638 2424 2.

312 2451 315 2453 μ
360 2481 367 2489 .
401 2458 466 2491 22.
527 2456 710 2492 materias
740 2452 861 2491 divid.
909 2452 975 2492 Sic
1008 2452 1096 2492 Par.
1120 2458 1158 2492 2.
1181 2457 1244 2503 6.,
1285 2455 1352 2492 sed
1372 2451 1456 2492 Par.
1485 2456 1520 2490 1.
1544 2453 1659 2489 inser.

221 2517 308 2555 sibi.

336 2585 369 2632 §.
403 2591 467 2625 23.
536 2587 622 2625 Una
644 2590 753 2626 enim.
796 2585 861 2626 Sic
882 2586 967 2625 Par.

992 2593 1027 2626 2.
1054 2603 1130 2626 sec.
1155 2603 1232 2635 m.‚
1283 2587 1350 2625 sed
1379 2585 1467 2625 Par.
1498 2591 1531 2624 1.
1557 2590 1593 2624 6.
1622 2593 1659 2623 et

223 2647 345 2689 Ajnb.
368 2656 405 2690 2.
431 2669 505 2692 om.
592 2653 765 2712 quidque.
806 2652 871 2693 Sic
893 2653 980 2693 Par.
1005 2660 1041 2694 2.
1068 2662 1103 2693 6.
1160 2653 1367 2710 quidquam
1385 2652 1473 2693 Par.
1500 2657 1535 2693 1.
