1775 3091
168 232 248 271 244
318 284 322 289 ἱ
610 232 883 287 supplementa
925 235 1188 272 annotationis

164 355 317 399 partem
344 343 608 384 divinationis.
666 342 791 384 Amb.
831 348 869 384 1.
909 343 1017 383 Flor.
1048 343 1185 398 Camp.
1214 343 1340 384 Amb.
1369 350 1409 386 2.
1438 343 1528 384 Par.
1561 350 1599 383 1.

171 419 209 452 2.
235 418 272 453 5.
304 416 425 451 etiam
447 415 574 465 par-lis
604 410 888 450 divinationem.
961 414 1135 465 [seciam
1164 423 1327 452 seculoS.
1370 410 1602 462 „Tautolo-

169 483 276 532 giam
303 489 418 519 vocat
445 479 617 530 Vulpius
649 478 699 516 ad
730 477 872 518 Catull.
904 485 997 528 236,
1032 489 1075 519 ut
1105 479 1252 520 Catull.
1286 484 1352 530 62,
1378 483 1427 518 15
1459 489 1604 517 sectam

169 572 225 578 —-
254 558 452 586 exce-aiae.
511 544 578 584 Sic
608 553 648 583 et
677 543 760 585 Cic.
796 562 835 599 p.
868 545 1005 587 Rabir.
1035 547 1178 586 Perdu.
1209 552 1248 598 8,
1281 552 1329 587 31
1373 556 1518 585 sectam
1543 561 1605 583 sc-

171 617 239 668 qui
268 624 306 654 et
338 630 376 665 p.
407 613 540 651 flacc.
573 613 643 663 41,
677 615 801 653 155.“
861 613 1027 666 Spald.]

282 683 316 732 ξ.
352 685 417 719 36.
478 682 635 732 conjeci.
664 680 842 719 mathem.
901 679 1002 720 Item
1030 681 1136 721 Flor.
1167 680 1288 720 Amb.
1309 687 1344 721 2.
1372 680 1463 719 Par.
1494 685 1531 719 1.
1563 684 1602 719 2.

172 748 272 789 Obr.
306 750 432 786 omitt.
465 758 512 786 ct.
595 750 783 801 ipsarum.
829 746 897 787 Sic
924 751 1045 788 etiam
1071 748 1195 788 Ajnb.
1219 754 1256 788 1.
1277 748 1382 787 Flor.
1474 745 1606 785 Circa.

172 815 311 867 Camp.
344 831 430 853 csse.
547 814 745 867 ejusmodi.
803 814 930 856 Amb.
964 821 1000 855 1.
1032 831 1054 854 a
1084 831 1142 867 pr.
1175 831 1230 855 m.
1272 815 1404 854 Turio.
1442 814 1548 854 Flor.
1582 828 1605 852 a

168 898 227 935 pr.
259 897 314 920 m.
357 881 434 920 osli.
493 880 620 921 Amb.
660 887 694 921 1.
737 897 760 921 a
787 898 865 922 sec.
895 898 952 922 m.
990 880 1103 922 Ahn.
1145 882 1238 922 odii.
1298 881 1406 921 Jens.
1447 891 1485 921 et
1514 881 1604 920 edd.

169 958 262 989 ame
287 947 443 1002 Gryph.
460 980 470 999 ‚
509 964 596 989 exc.
625 948 742 989 Sich:
767 949 1000 1002 hujusmodi.
1085 966 1238 1004 quoquc.
1280 948 1443 989 Omittit
1466 947 1604 1000 Camp.

252 1018 517 1054 instrumenta.
577 1015 729 1056 Cervic.
752 1015 862 1056 Sich.
893 1017 1054 1057 inflicta.
1149 1034 1248 1071 quae
1276 1019 1364 1056 sint.
1410 1015 1534 1055 Amb.
1569 1020 1605 1054 1.

169 1090 210 1124 2.
242 1086 361 1122 etiam
392 1100 488 1136 quae
516 1095 615 1122 sunt.
699 1100 883 1134 somnum,
917 1084 1153 1124 dementiam.
1210 1084 1345 1124 Turic.
1375 1083 1482 1122 Flor.
1508 1097 1606 1134 apr.

169 1165 225 1190 m.
257 1153 448 1189 somnium
479 1151 717 1193 dementium.
768 1151 877 1191 Jens.
909 1161 947 1191 et
972 1153 1060 1190 edd.
1093 1161 1184 1190 ante
1204 1150 1356 1201 Smer„
1387 1166 1472 1190 exc.
1494 1148 1605 1189 Sic-h.

169 1221 357 1257 somnium
389 1218 627 1257 dementiam.
711 1219 875 1258 indicia.
914 1218 1039 1258 Amb.
1062 1225 1098 1259 1.
1123 1222 1242 1258 etiam
1262 1218 1422 1257 indicta.
1471 1215 1606 1257 Guelf.

164 1285 330 1338 judicia.
444 1302 537 1339 quos
563 1302 673 1338 ρανε.
732 1284 867 1326 Guelf.
890 1285 1014 1326 Aan.
1035 1292 1074 1326 2.
1098 1285 1216 1326 Voss.
1236 1292 1273 1326 1.
1291 1292 1328 1326 3.
1348 1284 1467 1324 Basil,
1493 1283 1607 1323 Sich.

171 1352 275 1406 quocl
311 1369 417 1405 pars,
477 1351 616 1405 Camp.
658 1352 776 1392 Bodl.
813 1354 958 1394 Joaun.
1000 1371 1161 1408 quorum
1187 1371 1294 1408 pars.
1407 1350 1507 1390 nihil
1525 1352 1609 1405 fin·-

167 1435 259 1471 gere
285 1419 419 1458 altera.
479 1417 614 1459 Guelf.
645 1419 770 1460 Amb.
805 1427 844 1462 2.
875 1422 974 1460 haec
1004 1425 1133 1462 omitt.
1241 1420 1434 1474 judicare.
1466 1419 1606 1472 Camp-

169 1485 278 1525 Jens.
320 1496 357 1524 et
400 1487 489 1526 edd.
533 1495 623 1524 ante
662 1485 788 1536 Bad.‚
845 1503 938 1526 cum
968 1491 1021 1527 eis
1053 1504 1113 1541 ap.
1142 1487 1279 1528 Burm.
1309 1488 1497 1528 indicare.

171 1553 330 1591 dictura,
381 1564 449 1592 cst.
525 1552 660 1593 Turio.
707 1553 816 1595 Flor.
873 1570 895 1593 a
949 1570 1009 1608 pr.
1063 1571 1119 1596 m.
1169 1555 1312 1595 dictum
1363 1566 1430 1594 est.
1494 1553 1608 1594 Ahn.

170 1619 283 1659 dicia
317 1630 385 1657 cst.

281 1689 316 1738 §.
351 1691 415 1725 37.
473 1689 680 1739 praestari.
736 1686 861 1728 Amb.
894 1694 930 1728 1.
965 1696 1003 1729 2.
1034 1689 1124 1730 Par.
1155 1695 1191 1730 1.
1215 1696 1253 1731 5.
1281 1700 1493 1744 praessare·

167 1764 350 1807 potenter.
409 1752 475 1792 Sic
506 1756 627 1791 etiam
647 1752 770 1793 Amb.
796 1760 835 1794 2.
864 1754 954 1796 Par.
977 1762 1016 1796 3.
1041 1761 1077 1797 5.
1142 1760 1286 1811 poterit
1316 1756 1450 1797 Turic-
1485 1772 1507 1796 a
1527 1772 1604 1797 sec.

170 1836 225 1860 m.
278 1831 402 1874 potest
432 1819 557 1859 Amb.
585 1826 621 1860 1.
653 1820 742 1860 Par.
769 1826 804 1861 1.
828 1828 866 1862 2.
976 1824 1051 1866 ubi.
1080 1823 1204 1864 Aan.
1226 1830 1265 1864 2.
1296 1825 1358 1864 ub.
1472 1824 1519 1862 de
1547 1828 1608 1864 ἰη-

171 1887 285 1945 ariff.
345 1886 480 1927 Turio.
514 1886 627 1927 Alm.
658 1887 779 1927 Amb.
802 1895 837 1930 2.
869 1893 997 1931 omitt.
1031 1890 1088 1931 de.

708 2009 739 2051 C
771 2026 798 2050 Α
829 2027 866 2052 Ρ.
933 2011 1075 2053 VIII.

286 2089 322 2138 §.
370 2094 408 2128 1.
485 2099 718 2142 constatque.
786 2089 914 2130 Amb.
956 2097 993 2132 1.
1042 2103 1193 2131 constat
1233 2110 1343 2148 quae.
1456 2095 1504 2133 ab
1544 2097 1606 2135 iis.

177 2154 296 2194 Amb.
329 2161 364 2195 1.
404 2161 441 2194 2.
485 2153 618 2195 Guelf.
654 2154 791 2209 Camp.
825 2158 874 2195 ab
905 2158 976 2198 lzis.
1090 2160 1271 2199 desident.
1329 2160 1463 2201 Turio.
1504 2161 1607 2200 desi-

174 2222 249 2261 dci.
359 2239 472 2275 quam
501 2225 577 2275 qui.
636 2222 703 2262 Sic
733 2227 852 2261 etiam
880 2224 987 2264 Flor.
1020 2224 1145 2266 Amb.
1178 2234 1217 2267 2.
1276 2233 1390 2282 quam
1418 2231 1448 2267 ii
1478 2229 1605 2270 Amb.

178 2295 215 2330 1.
250 2304 271 2327 a
290 2306 347 2342 pr.
366 2304 420 2328 m.
481 2306 596 2342 quam
628 2290 669 2329 hi
697 2293 761 2344 qui
791 2288 924 2331 Guelf.
958 2292 1098 2346 Steph.
1130 2293 1250 2334 Basil.
1282 2294 1414 2352 Sia-h.-
1497 2296 1608 2335 Sire-

175 2373 276 2395 num.
336 2356 463 2396 Amb.
497 2361 533 2395 1.
565 2371 587 2395 a
613 2373 689 2396 sec.
722 2372 776 2396 m.
808 2357 1049 2410 Sir-enarum,
1090 2376 1125 2400 a.
1159 2377 1218 2414 pr.
1248 2378 1303 2402 m.
1335 2379 1426 2402 cum
1455 2363 1559 2405 Flor.
1583 2380 1606 2404 a

176 2438 235 2475 pr.
267 2438 321 2462 m.
353 2426 512 2462 omittit.
628 2423 787 2463 deliniti.
848 2425 982 2467 Turio.
1016 2427 1169 2468 delenti.
1226 2429 1353 2470 Amb.
1382 2436 1421 2472 2.
1442 2431 1605 2472 deleniti.

256 2501 545 2543 persequuntur.
604 2490 670 2530 Sic
699 2494 818 2530 etiam
846 2492 950 2532 Flor.
988 2494 1114 2535 Amb.
1145 2502 1184 2536 2.
1217 2495 1302 2537 Par.
1330 2503 1368 2538 1.
1391 2504 1431 2539 2.
1500 2500 1604 2553 [Ad

176 2565 312 2594 notam
350 2571 461 2608 exeg.
500 2572 613 2596 suam
650 2557 903 2611 Spaldjngius
943 2561 1041 2601 haec
1090 2564 1254 2613 adjecit:
1304 2554 1483 2620 Aliqua,
1534 2567 1604 2605 sed

177 2624 307 2661 minus
347 2626 551 2664 luculenta
590 2626 637 2664 de
669 2626 745 2665 hoc
771 2628 858 2667 Ioco
888 2627 1007 2667 habet
1038 2628 1252 2670 Salmasius
1282 2631 1456 2672 Homon.
1489 2633 1602 2686 hyles

178 2690 264 2728 iatr.
289 2703 327 2740 p.
351 2693 373 2727 6
392 2704 422 2728 a.
444 2693 498 2730 D.
556 2689 617 2731 Cf.
644 2690 872 2746 Schweigh.
901 2695 952 2734 ad
974 2694 1131 2737 Athen.
1157 2697 1380 2739 comment.
1403 2703 1479 2739 651
1501 2697 1574 2751 D.]
