1775 3091
172 218 253 256 284
618 217 886 273 Supplementa
913 222 1173 259 annotationis

169 328 305 370 Turio.
327 338 365 370 et
384 328 512 379 Flor.,
561 339 726 385 uterque
756 344 778 368 a
805 345 866 383 pr.
896 345 975 383 m.,
1005 348 1043 387 q.
1072 348 1124 372 m.
1150 334 1227 372 sint
1253 333 1382 389 ntique
1406 349 1496 374 vero
1527 335 1592 376 αιῖ.

171 395 304 438 Guelf.
324 396 447 438 Amb.
468 404 506 438 2.
527 396 639 437 Voss.
660 401 696 437 1.
719 402 757 438 3.
779 401 969 439 omittunt
1001 401 1093 455 quia
1112 399 1235 440 multa
1254 411 1354 442 sunt.
1456 404 1596 442 omnia.

170 463 304 506 Guelf.
342 482 480 506 omncs.
591 474 778 518 spectant.
831 464 957 508 Amb.
990 472 1027 508 1.
1068 466 1204 510 Turio.
1233 467 1340 509 Flor.
1372 479 1596 524 expectant.

169 532 303 574 Guelf.
333 540 542 587 aspectant.
645 547 731 571 eras
764 543 800 572 et
821 544 914 575 tum.
967 533 1094 575 Amb.
1126 540 1162 576 1.
1201 546 1285 576 erat
1313 546 1406 576 tum.
1457 535 1597 588 Camp.

166 617 254 641 eras
282 611 317 640 et
344 610 398 639 tu.
523 613 637 638 max.
667 615 693 638 a
723 599 826 641 cred.
886 600 1023 643 Turio.
1056 616 1135 643 om.
1166 618 1206 643 α.
1319 602 1597 658 appellabaris.

166 667 303 709 Turic.
324 666 356 707 F
358 670 430 706 lor.
451 680 474 705 a
492 680 551 719 pr.
572 680 628 706 m.
650 666 875 721 appellaris.
978 669 1212 725 offinderas.
1260 669 1396 713 Turio.
1419 687 1440 712 a
1458 688 1519 726 pr.
1538 686 1596 711 m.

166 734 402 791 qffinclarzk,
449 748 472 774 a
502 749 579 774 sec.
609 750 663 775 m.
703 750 796 775 cum
826 735 963 791 Camp.
989 736 1225 792 (ffinclebaS.
1324 755 1376 782 er.
1396 739 1475 780 her.
1528 737 1596 778 Sic

166 806 287 843 etiam
304 796 409 843 Flor.
494 854 500 865 ἱ
524 812 560 841 et
578 813 716 843 mutat.
767 802 906 845 Turic.
938 820 1019 845 om.
1045 816 1093 845 et.
1208 807 1374 846 etiamsi.
1422 807 1532 848 Jens.
1557 814 1596 846 et

165 866 276 910 e'ditt.
297 878 388 909 ante
405 855 507 910 Ald:
526 871 563 909 si
580 872 711 910 etiam.
809 881 936 911 tamen
955 882 1010 912 ut.
1057 870 1184 912 Aan.
1207 877 1244 913 1.
1267 883 1429 915 tantum.

275 965 310 1014 §.
343 965 382 1000 6.
439 968 507 1000 ut:
537 975 620 1013 cup.
670 958 740 1000 Sic
761 962 881 1001 etiam
901 960 1005 1002 Flor.
1028 977 1050 1006 a
1069 977 1146 1003 soc.
1166 978 1223 1002 m.
1242 961 1363 1002 Amb.
1384 969 1422 1004 2.
1462 961 1597 1004 Omit-

160 1037 252 1070 tun’t
271 1039 312 1068 ut
333 1030 454 1068 etiam
480 1025 605 1067 Amb.
637 1031 674 1066 1.
692 1026 799 1069 Flor.
828 1043 850 1068 a
872 1045 931 1085 pr.
959 1045 1029 1069 m.¹
1123 1033 1200 1070 ira..
1247 1029 1374 1071 Amb.
1408 1035 1445 1072 1.
1479 1029 1596 1084 (cum

160 1101 273 1151 signo
294 1095 461 1149 mendi)
491 1094 629 1135 Turio.
651 1093 764 1136 Ahn.
787 1098 888 1136 iura.
975 1097 1134 1153 efficiat.
1185 1096 1323 1151 Camp.
1347 1098 1512 1154 officiat.

160 1169 283 1207 anim.
316 1166 419 1206 hom.
477 1163 585 1205 Flor.
622 1166 744 1203 etiam
772 1166 890 1203 inser.
925 1174 1062 1204 tamen.
1179 1165 1350 1221 affictio.
1407 1164 1528 1204 Amb.
1560 1170 1595 1204 1.

159 1232 296 1274 Turio.
316 1233 430 1273 Ahn.
457 1233 675 1288 qff'ectatio.

270 1315 305 1365 ξ.
337 1318 378 1354 7.
446 1311 542 1353 ostii.
590 1308 715 1351 Amb.
747 1314 783 1350 1.
821 1309 927 1349 Flor.
961 1325 983 1349 a
1013 1313 1111 1350 sec?
1125 1325 1180 1350 m.
1213 1309 1291 1350 ἅὶιι.
1417 1313 1593 1351 nitemur.

158 1377 298 1433 Camp.
327 1383 447 1419 etiam
476 1389 638 1419 utemur.
750 1393 841 1433 par.
873 1394 956 1431 sup.
991 1376 1040 1416 αἶ.
1069 1395 1179 1432 prop.
1237 1377 1305 1418 Sio
1334 1380 1457 1418 etiam
1485 1378 1592 1418 Flor.

157 1445 282 1486 Amb.
305 1453 341 1490 2.
369 1447 458 1487 Par.
481 1451 521 1487 3.
578 1445 671 1486 Post
688 1461 776 1498 par.
824 1443 948 1483 Amb.
977 1450 1013 1484 1.
1031 1447 1149 1485 inser.
1171 1462 1234 1485 an.
1347 1448 1412 1486 sit.
1467 1444 1592 1485 Amb.

161 1519 198 1554 1.
227 1518 319 1554 sint.

271 1595 305 1646 ᾧ.
339 1597 378 1633 8.
437 1588 666 1631 onerandus.
713 1588 837 1629 Amb.
865 1594 903 1630 2.
926 1587 1160 1629 onor-andus.
1248 1591 1339 1643 quia
1360 1600 1408 1629 ct.
1456 1588 1592 1629 Turio.

158 1657 284 1701 Amb.
315 1666 353 1700 2.
386 1675 498 1714 quam
522 1668 571 1696 et.
684 1656 903 1695 (letrahunt.
952 1654 1089 1708 Camp.
1113 1658 1298 1697 minuunt.
1408 1668 1489 1711 pot.
1505 1657 1592 1711 jud.

159 1726 298 1780 Camp.
319 1731 347 1779 j.
368 1744 408 1781 p.
518 1727 596 1779 qui.
647 1721 769 1763 Amb.
804 1728 841 1762 1.
872 1716 1006 1763 Turio.
1035 1722 1140 1762 Flor.
1172 1722 1287 1763 Ahn.
1320 1722 1454 1777 Camp.
1484 1741 1592 1778 quac.

243 1795 433 1833 diximus.
482 1791 548 1832 Sic
572 1793 690 1830 etiam
718 1788 839 1830 Amb.
873 1795 909 1830 1.
939 1796 978 1830 2.
1011 1787 1145 1829 Turio.
1175 1789 1281 1830 Flor.
1311 1790 1422 1830 Alm.
1455 1789 1591 1844 Camp.

157 1863 246 1904 Par.
268 1867 305 1901 1.
327 1867 367 1902 2.
391 1866 428 1900 3.
544 1859 668 1898 rebus.
719 1856 855 1898 Turio.
876 1856 983 1896 Flor.
1015 1871 1037 1896 a
1055 1873 1114 1911 pr.
1134 1873 1188 1896 m.
1220 1856 1359 1911 Camp.
1381 1858 1521 1898 verbis.

269 1942 305 1993 ᾗ.
339 1946 378 1982 9.
435 1937 605 1994 quidam.
650 1936 757 1978 Jens.
777 1945 815 1976 et
834 1937 923 1976 edd.
946 1945 1036 1975 ante
1056 1933 1151 1976 Ald.
1184 1936 1350 1990 quidem.
1453 1939 1594 1989 παθη-

156 2007 281 2056 τικὰς.
325 2007 450 2048 Amb.
474 2012 509 2046 1.
542 2019 766 2051 πατετικας.
880 2003 1026 2057 Atque.
1077 2001 1212 2056 Camp.
1246 2006 1367 2057 atqui.
1484 2003 1592 2043 dicit.

156 2077 280 2118 Amb.
306 2081 344 2116 1.
375 2074 531 2113 didicit.
636 2074 670 2112 si
690 2074 752 2112 sit.
803 2068 925 2111 Goth.
949 2073 984 2110 si
1003 2073 1074 2117 sio.
1184 2071 1315 2110 bonus.
1375 2069 1442 2111 Sic
1472 2074 1593 2111 etiam

155 2143 279 2185 Amb.
300 2149 337 2184 1.
357 2142 464 2183 Flor.
489 2157 510 2181 a
531 2157 588 2196 pr.
609 2157 664 2181 m.
773 2140 971 2193 optimum.
1019 2135 1155 2178 Guelf.
1178 2137 1366 2178 ultimum.

270 2223 306 2274 ᾧ.
340 2227 406 2262 10.
464 2220 730 2260 Sucronensis.
772 2216 880 2258 Jens.
905 2225 944 2256 et
965 2216 1053 2256 edd.
1073 2225 1162 2256 aute
1185 2215 1311 2268 Bad.‚
1343 2230 1430 2256 exc.
1454 2213 1590 2265 Tarv.‚

157 2292 426 2331 Succonensis.
544 2287 593 2340 Q.
617 2284 721 2326 Var.
768 2283 906 2324 Turio.
932 2299 953 2323 a
971 2297 1030 2337 pr.
1054 2298 1108 2322 m.
1141 2282 1268 2323 Amb.
1290 2289 1330 2324 2.
1357 2299 1428 2337 que
1452 2282 1506 2323 V.

156 2358 491 2412 Aristophontem.
540 2354 677 2396 Turio.
706 2351 830 2394 Amb.
864 2357 903 2392 2.
933 2350 1207 2406 aristophonte.
1306 2349 1519 2391 Aemilium
1536 2374 1592 2382 —

155 2426 388 2481 prodidisse.
437 2424 548 2464 Haec
566 2425 754 2462 omittunt
767 2418 892 2460 Amb.
904 2425 943 2460 2.
961 2418 1079 2459 Voss.
1097 2423 1134 2458 1.
1149 2423 1188 2458 3.
1203 2448 1214 2470 ,
1246 2418 1372 2458 codex
1393 2416 1590 2459 Sichardj.

239 2493 481 2548 proditurus.
531 2490 666 2531 Turio.
696 2502 719 2528 a
747 2502 805 2541 pr.
841 2499 893 2529 m,
928 2483 1191 2540 ρνοᾶἰοίιινιιε.
1304 2487 1408 2539 isque
1435 2485 1478 2524 id
1505 2503 1590 2538 neg.

159 2557 389 2613 Ca111p.om.
404 2560 458 2599 id.
535 2556 662 2610 Quod.
691 2555 799 2597 Jens.
822 2552 928 2608 quid.
967 2552 1086 2593 Tarv.
1108 2563 1212 2607 quot.
1300 2554 1434 2605 igitur.
1463 2551 1587 2595 Amb.

163 2631 202 2666 1.
221 2625 327 2667 Flor.
361 2642 383 2665 a
412 2642 471 2680 pr.
498 2641 553 2666 m.
586 2624 700 2664 dicis.
811 2631 852 2660 tu
882 2636 957 2661 non
981 2620 1164 2676 fecisses.
1211 2619 1335 2662 Amb.
1366 2625 1401 2662 1.
1429 2634 1588 2676 quoque

162 2704 197 2733 tc
217 2710 291 2735 non
295 2694 459 2751 fecisse.
516 2693 623 2735 Flor.
655 2707 677 2732 a
703 2706 761 2746 pr.
793 2703 848 2730 m·
873 2698 909 2728 te
929 2687 1139 2745 mficisse.

1771 1608 1773 1620 4

1771 1658 1774 1667 ι

1769 1696 1775 1884 ἱ

1770 1888 1775 2023 ¹
