1775 3091
312 288 364 331 ...ι
394 288 556 342 Quina-z.
588 287 719 328 lasum.
752 287 788 340 1,
820 293 856 329 6.
890 289 925 342 ς,
952 288 1018 329 44.
1041 290 1108 332 45,
1168 293 1209 332 7.
1244 290 1280 342 ς.
1316 296 1464 338 1-——16
1552 303 1599 340 51

285 404 321 454 §.
351 407 390 444 9,
451 401 524 442 Est
556 412 590 442 et
621 405 659 443 ἰη
691 401 827 443 Turio.
858 401 964 444 Flor.
995 400 1116 444 Amb.
1139 408 1178 445 2.
1211 401 1350 458 Camp.
1381 404 1481 448 Obr.
1512 411 1601 451 sort,

172 469 293 511 Amb.
317 475 353 511 1.
467 469 647 525 Har-usp.
678 469 814 510 Turio.
837 468 963 510 Amb.
990 476 1025 510 1.
1058 469 1195 526 Camp.
1309 471 1507 529 relinquet,
1538 494 1604 518 re-

174 547 333 591 ceptum
363 553 385 577 a
414 536 551 592 Spald.
583 554 603 576 e
631 540 731 588 conj.
749 569 759 589 ,
800 540 962 590 praebet
990 536 1111 579 Amb.
1140 542 1176 580 1.
1217 547 1220 550 ’

283 606 320 658 §.
355 611 419 645 10.
480 607 703 660 significant
744 607 865 644 etiam
895 604 1002 646 Jens.
1034 605 1152 646 Tarv.
1183 604 1272 647 Par.
1295 613 1332 648 2.
1391 612 1602 667 significat,

172 682 326 725 praeter
356 675 451 711 alios
483 672 572 713 Par.
596 679 633 713 1.
658 677 694 712 6.
730 670 871 726 Camp.
986 676 1063 713 vim
1093 690 1124 713 s,
1154 689 1239 715 voc.
1271 674 1406 718 Turio.
1440 678 1577 735 Camp.

284 741 319 792 ᾧ.
354 745 418 779 11.
480 738 573 793 [De
611 740 652 780 Ω
691 749 730 778 et
770 737 817 779 οὐ
856 742 937 781 vicl.
978 740 1240 782 Plutarchum
1278 744 1326 782 de
1364 743 1519 788 Garrul.
1561 756 1602 801 2,

174 811 254 847 513
284 805 335 848 Α.
372 803 578 847 Φιλίππου
605 805 842 862 γράψαντος
881 808 915 848 εἴ
943 807 1123 860 δέχονται
1151 812 1201 863 τῇ
1229 808 1339 850 πόλει
1369 811 1510 866 αὐτὸν,
1551 817 1606 866 εἷς

168 872 326 929 χάρτην
355 873 403 915 οὐ
432 873 534 929 μέγα
563 873 794 929 γράψαντες
824 873 1070 917 ἀπέστειλαν.
1120 875 1282 930 Spald.]

285 945 316 996 ξ.
351 948 415 983 12.
475 942 667 996 adjectum
696 942 868 981 ultimum
899 942 1024 983 Amb.
1048 949 1109 997 1.‚
1139 954 1184 985 ut
1213 950 1378 999 conjecit
1406 948 1525 991 Gesn.

174 1011 213 1049 in
248 1009 427 1064 plurimis
472 1011 575 1049 verb.
619 1010 753 1050 TurIc.
826 1013 863 1049 in
897 1010 1074 1065 pluribus
1113 1013 1216 1054 verb.
1254 1014 1392 1071 Camp.
1505 1005 1610 1062 ,Τιιῖἓὸ

174 1075 295 1117 Amb.
325 1084 358 1117 1.
388 1088 432 1117 ut
463 1079 552 1117 edd.
582 1088 678 1117 vett.
715 1077 757 1117 C.
789 1093 867 1117 om.
901 1082 1021 1118 etiam
1052 1079 1188 1121 Turic.
1218 1081 1324 1124 Flor.
1359 1083 1496 1141 Camp.

173 1146 339 1184 interim.
399 1145 589 1183 interdum
617 1144 753 1183 Turio.
787 1160 808 1182 a
838 1159 915 1184 sec.
946 1159 1000 1184 m.
1043 1146 1179 1197 (cujus
1207 1152 1299 1188 libri
1327 1163 1520 1194 corrector
1548 1157 1610 1194 in-

174 1214 284 1250 ierim
313 1212 471 1251 videtur
501 1212 651 1263 odisse3
691 1214 792 1250 solet
824 1214 933 1250 enim
964 1223 1118 1266 semper
1144 1217 1226 1254 fere
1250 1220 1459 1259 emendare
1490 1226 1611 1262 inter-

174 1279 288 1327 dum,
320 1280 428 1333 quod
459 1280 602 1318 deinde
623 1281 667 1317 in
698 1282 794 1318 alios
816 1280 967 1319 codices
988 1280 1139 1337 fluxit).
1173 1281 1312 1338 Camp.
1426 1303 1612 1345 vespm-ug

175 1362 255 1387 om.
286 1346 421 1386 Turio.
455 1345 595 1400 Camp.
626 1346 733 1387 Flor.
775 1362 797 1386 a
827 1363 886 1401 pr.
919 1349 974 1388 111.
1032 1361 1199 1404 vesprug
1225 1349 1348 1394 Amb.
1369 1360 1410 1396 2,
1450 1354 1556 1398 Flor,
1588 1374 1611 1398 a

175 1429 251 1454 sec.
282 1430 337 1455 m.
369 1413 491 1454 Paris.
514 1419 552 1453 3.
579 1419 618 1455 5.
644 1418 681 1454 6.
714 1412 825 1454 81011.
938 1420 1223 1470 vesperuginem
1253 1423 1373 1460 etiam
1411 1421 1538 1465 Amb.
1571 1432 1607 1467 1.

177 1491 313 1521 contra
344 1481 443 1523 Obr.
475 1490 622 1521 tuetur.
680 1480 803 1521 Paris.
827 1487 864 1522 1.
887 1485 1056 1536 vesperi,
1088 1489 1282 1538 aeruginei
1300 1488 1414 1542 quod.
1474 1490 1608 1533 'sm-ic.

175 1565 291 1603 vespa
310 1552 524 1601 eruginem,
555 1552 691 1602 paullo
713 1552 847 1603 aliter,
879 1564 924 1589 ac
957 1548 1093 1604 Spald.
1125 1555 1169 1591 111
1196 1551 1304 1597 Add.
1334 1560 1456 1612 praef.
1481 1561 1572 1600 Vol.
1590 1559 1612 1601 I

176 1632 216 1670 p.
248 1614 485 1656 LXXVHI
513 1618 646 1656 refert.

289 1688 325 1737 §.
361 1689 425 1724 13.
485 1692 541 1721 est
576 1692 665 1736 post
705 1698 853 1723 necesse
888 1686 1005 1725 inser.
1037 1685 1172 1729 Turio.
1203 1687 1309 1729 Flor.
1343 1689 1462 1734 Bodl.
1493 1687 1610 1736 Voss’.

180 1757 219 1792 1.
240 1756 278 1792 3.
311 1751 452 1805 Camp.
475 1749 595 1790 Tarv.
619 1750 726 1789 Ven.
750 1749 845 1791 Ald.
867 1750 977 1793 Sich.
1002 1751 1156 1809 Gryph.
1180 1755 1280 1798 Obr.
1310 1757 1403 1800 soit.
1423 1759 1547 1801 Amb.
1571 1769 1609 1816 1.

258 1819 490 1858 scribebant.
549 1820 737 1871 scriptum
766 1817 900 1858 Turio.
936 1834 957 1858 a
985 1836 1045 1873 pr.
1072 1836 1126 1861 m.
1185 1827 1372 1878 scriptum
1393 1838 1447 1865 est
1469 1827 1610 1884 Camp.

178 1885 316 1925 Turio.
342 1901 364 1925 a
384 1901 439 1926 m,
461 1901 538 1925 sec.
656 1886 713 1922 ita
743 1887 933 1924 omittunt
959 1889 1080 1926 etiam
1110 1887 1234 1929 Paris.
1258 1896 1295 1931 1.
1329 1890 1465 1934 Turio.
1487 1890 1608 1936 Ambss

181 1959 220 1993 2.
254 1952 393 2006 Camp.
427 1951 579 2006 Gryph.
610 1954 781 1991 vel-isim.
840 1949 1027 1992 Amb.*1.
1059 1958 1176 1994 etiam
1206 1958 1262 1995 ita
1292 1972 1370 1999 om.
1393 1952 1512 2002 sich.

296 2023 327 2074 ᾗ.
364 2022 429 2061 14.
489 2019 578 2058 Sem
604 2036 645 2072 g.
678 2018 715 2059 ἅ.
752 2019 887 2077 nonf
920 2023 1040 2059 etiam
1068 2021 1189 2063 Paris.
1216 2029 1252 2064 1.
1275 2031 1312 2065 2.
1343 2024 1477 2067 Tuiic.
1505 2027 1610 2070 Flor.

182 2087 303 2129 Amb.
327 2094 363 2127 1.
385 2094 423 2128 2.
461 2086 627 2139 Camp.;
678 2095 879 2139 receptam
915 2090 1063 2140 primus
1106 2091 1212 2130 dedit
1243 2090 1493 2147 Cervical-m,
1535 2101 1612 2137 nisi

182 2159 283 2196 forte
310 2158 389 2206 jam
419 2163 476 2194 est
503 2157 546 2192 in
573 2152 672 2193 Bad.
695 2159 734 2194 2.
850 2158 960 2209 atqui
987 2173 1006 2194 e
1033 2154 1153 2197 Amb.
1180 2163 1216 2198 1.
1258 2174 1281 2198 a
1311 2175 1387 2200 sec.
1419 2178 1473 2202 m.

298 2224 329 2276 ξ.
364 2226 428 2263 15.
487 2231 681 2260 uterentur
708 2236 801 2260 cum
831 2219 962 2261 Guelf.
992 2220 1260 2265 inser.'A1nb.
1288 2232 1329 2266 2.
1446 2229 1614 2271 discreta

185 2301 254 2330 est.
309 2288 371 2329 Ita
407 2292 528 2328 etiam
556 2288 692 2329 Turic.
732 2288 836 2328 Flor.
879 2288 1017 2343 Camp.
1042 2289 1132 2330 Par.
1165 2297 1202 2332 1.
1230 2299 1268 2333 2.
1299 2298 1363 2346 6.;
1408 2294 1611 2338 Ambross.

185 2359 363 2396 silentur.
477 2355 567 2394 Jam
599 2357 721 2410 pueri.
778 2355 816 2395 J.
852 2360 984 2410 puerei
1021 2359 1109 2398 edd.
1154 2369 1251 2401 vett.
1282 2365 1455 2414 multae3
1498 2381 1616 2417 puere

189 2423 328 2477 (quod
369 2424 510 2462 eodem
560 2423 702 2461 ducere
746 2426 902 2463 monuit
948 2423 1045 2477 Sp.)
1094 2425 1229 2467 Turio.
1269 2427 1375 2468 Flor.
1420 2427 1541 2471 Amb.
1574 2429 1611 2472 1.

190 2489 331 2542 Camp.
371 2492 452 2529 alii.
568 2505 587 2527 e
623 2499 747 2542 postr.
788 2500 823 2527 et
858 2502 984 2544 postr.
1016 2492 1151 2534 Turio.
1182 2493 1288 2536 Flor.
1320 2494 1441 2536 Amb.
1465 2501 1501 2536 1.

195 2556 249 2594 Ut
273 2559 415 2610 puerei.
479 2555 525 2593 U.
555 2558 666 2609 pueri
691 2555 826 2596 Turio.
857 2557 962 2598 Flor.
993 2557 1113 2599 Amb.
1139 2566 1174 2602 1.
1210 2561 1347 2616 Camp.
1374 2562 1479 2603 Ven.
1502 2567 1612 2605 Gibs.

267 2622 356 2678 ficri
378 2626 498 2661 etiam
516 2622 651 2663 Turio.
672 2623 777 2663 Flor.
800 2623 938 2678 Camp.
961 2624 1080 2665 Amb.
1105 2632 1142 2668 2.
1169 2631 1248 2669 alii.
1293 2630 1410 2687 ficet-i
1436 2628 1554 2673 Amb.
1578 2638 1614 2672 1.

307 2692 342 2740 ᾗ.
373 2695 436 2729 16.
493 2706 567 2743 quo
607 2691 755 2744 quidem
795 2690 928 2731 Turio.
959 2708 980 2731 a
1010 2709 1067 2746 pr.
1095 2711 1146 2735 m.
1183 2695 1288 2736 Flor.
1325 2695 1441 2737 Amb.
1472 2705 1507 2738 1.

194 2761 301 2798 aurei
330 2759 523 2811 argentei5
570 2760 625 2798 ita
668 2762 785 2800 etiam
825 2759 941 2801 Paris.
975 2766 1010 2801 1.
1040 2766 1077 2801 2.
1108 2767 1145 2802 3.
1185 2761 1319 2805 Turio.
1356 2764 1478 2805 Amb.
1510 2771 1546 2805 1.
1575 2770 1614 2806 2.

1072 2827 1165 2869 D2
