1775 3091
183 207 235 247 cul
256 203 418 260 Quintil.
441 203 570 244 Instit.
592 203 626 253 I,
647 218 816 259 prooem.
851 203 887 252 §.
907 205 973 242 26.
999 205 1065 241 27.
1099 216 1187 255 cup.
1216 206 1252 240 1.
1277 200 1313 250 §.
1341 206 1359 239 1
1377 206 1481 239 -—()'.
1542 207 1565 241 ἑ)

129 335 277 372 emor-‚5
306 322 426 359 etiam
458 316 580 359 Goth.
613 317 752 371 Camp.
782 315 906 357 Paris.
940 322 978 356 1.
1008 322 1072 367 2.,
1113 329 1245 369 neque
1275 328 1328 353 ex.
1358 315 1441 353 ullo
1469 316 1569 353 libro

131 405 204 429 ms.
248 389 409 428 affertur
447 385 548 425 dum.
664 384 732 436 secl
767 384 856 438 plns
896 386 1068 440 efficiat,
1118 398 1197 422 om.
1240 379 1302 430 ut,
1354 382 1443 421 edd.
1479 391 1569 420 ante

132 457 244 498 Sich.
282 471 363 495 acc.
406 453 529 495 Paris.
562 461 601 495 2.
645 463 682 493 οἵ
709 452 827 494 Bodl.
867 452 934 491 sed
960 451 1048 507 plus
1080 452 1220 507 efficiet
1260 449 1358 490 Tur.
1405 448 1483 504 (al.
1514 465 1569 489 m.

133 541 232 566 corr.
266 520 437 579 efficiat)
477 522 603 562 Amb.
637 528 674 562 1.
721 530 759 561 et
798 520 921 561 Paris.
955 526 988 560 1.
1028 519 1094 558 secl
1124 529 1158 557 c!
1182 517 1276 573 'plus
1302 519 1441 574 qfficiel
1468 516 1573 555 Flor.

131 591 286 632 AlmeL
402 601 527 629 tamen
557 605 637 631 om.
668 588 794 630 Amb.
830 594 865 628 1.
903 587 1024 628 (joth.
1056 587 1161 628 Flor.
1192 589 1330 627 Turio.
1369 585 1434 640 (in
1463 584 1569 624 Flor.

131 669 173 699 et
202 659 301 699 Tur.
334 658 486 698 addidit
514 669 641 697 tamen
676 661 752 697 alia
783 672 924 695 manus
939 654 967 711 ).

246 728 282 777 §.
316 731 354 766 3.
415 725 509 766 Hoc
541 729 608 781 qui
632 726 869 781 perviderit,
909 727 1101 780 protinus.
1160 713 1220 763 Itzi
1251 722 1352 762 Bad.
1390 738 1409 760 e
1441 722 1575 761 codice

131 792 317 834 Vallensi
358 793 650 847 (adstipulante
689 793 880 834 Pottierio
921 794 1018 831 dum
1057 792 1180 832 Paris.
1218 798 1258 831 2.
1296 789 1486 842 laudat),
1539 798 1577 828 et

135 877 273 902 omnes
314 862 404 901 edd.
445 872 533 915 post
572 877 687 914 eum3
739 877 821 901 acc.
862 859 989 900 Amb.
1025 865 1061 900 1.
1104 859 1171 914 (in
1203 860 1279 898 hoc
1321 862 1429 898 euim
1457 860 1578 896 verba

130 932 309 984 protinus
341 940 381 967 ut
413 932 503 978 crit,
542 940 659 970 antea
689 932 855 980 omissa,
891 930 1031 968 eadem
1063 931 1227 982 antiqua
1253 942 1394 966 manus
1415 928 1577 978 supple-

134 996 236 1049 vit).
295 995 411 1037 Haec
442 1000 580 1052 quippe
606 1000 788 1052 protinus
825 996 934 1037 Jens.
976 996 1095 1036 Tarv.
1129 994 1263 1035 Guelf.
1321 994 1406 1032 Hic
1439 996 1581 1047 quippe

134 1066 313 1119 protinus
351 1064 459 1104 Ven.
501 1065 626 1104 Goth.
685 1064 780 1103 Hoc
812 1067 951 1117 qstippe
967 1067 1146 1117 protinus
1175 1061 1274 1102 Loc.
1309 1062 1449 1114 Camp.
1479 1060 1579 1101 Tur.

137 1131 236 1170 Hac
261 1141 446 1185 propter,
484 1133 663 1184 protinus
693 1129 794 1170 Obr.
853 1130 948 1170 Hoc
979 1134 1049 1184 qui
1075 1129 1292 1183 providerit
1330 1129 1430 1169 Ald.
1465 1129 1583 1182 (pro-

137 1201 258 1238 hante
279 1196 464 1251 Burm.).
525 1197 597 1236 hoc
627 1199 767 1252 quippe
795 1197 959 1246 viderit,
999 1215 1040 1251 p.
1071 1196 1227 1236 Almel.
1257 1195 1381 1236 Paris.
1408 1202 1443 1235 1.
1474 1196 1579 1237 Flor.

138 1265 209 1321 (in
227 1267 304 1306 hoc
326 1269 376 1305 al.
398 1281 452 1305 m.
482 1266 686 1319 adscripsit
710 1264 953 1320 pervideat).
1015 1264 1109 1304 hacc
1142 1267 1206 1320 ⁷rui
1233 1264 1471 1318 praeviderit
1500 1274 1579 1305 vet.

140 1335 228 1375 cod.
261 1335 368 1387 apud
396 1335 582 1386 Regitun.

256 1403 294 1452 §.
326 1406 365 1442 5.
427 1400 588 1439 rudibus
608 1402 747 1439 animis
774 1399 873 1440 Ald.
898 1400 1036 1453 Camp.
1054 1399 1161 1440 Flor.
1187 1397 1310 1440 Goth.
1335 1399 1470 1440 Turio.

139 1472 379 1524 percepimus
410 1469 508 1508 dant
538 1471 661 1508 etiam
689 1468 798 1509 Ven.
832 1467 971 1522 Camp.
1002 1468 1125 1508 Paris.
1161 1473 1197 1507 1.
1229 1474 1270 1509 2.
1307 1467 1414 1508 Flor.
1449 1472 1584 1510 Turio.

141 1539 406 1592 praecepimus
435 1535 556 1577 Tarv.
649 1553 724 1592 quo
755 1536 949 1576 deteriora
978 1546 1065 1574 sunt
1094 1534 1220 1576 Amb.
1249 1541 1285 1576 1.
1315 1536 1422 1576 Flor.
1449 1537 1585 1578 Turic.

133 1604 214 1659 (in
253 1605 331 1645 hoc
370 1609 468 1645 c'orr.
508 1608 560 1644 31.
599 1620 653 1644 m.
691 1604 814 1660 quae)
855 1603 1008 1644 Almel.
1125 1620 1225 1643 nunc
1257 1604 1437 1658 qnaml05
1481 1606 1588 1646 hanc

145 1674 470 1712 emendationem
510 1671 657 1712 Vallae
697 1689 800 1724 esse,
853 1674 1062 1712 annotavit
1098 1670 1272 1721 Badius,
1313 1682 1351 1712 et
1380 1682 1587 1728 tamquam

144 1741 362 1780 lectionem
391 1742 534 1780 codicis
554 1739 679 1781 Paris.
702 1747 740 1781 2.
772 1743 886 1781 affert
907 1740 1133 1781 Pottierius.
1193 1757 1282 1779 nam
1313 1740 1467 1794 quando
1488 1741 1586 1782 Tur.

145 1806 252 1848 Flor.
291 1807 410 1849 Bodl.
447 1807 648 1848 l’oullain.
689 1808 812 1850 Paris.
846 1814 884 1849 1.
927 1807 1069 1861 Camp.
1122 1806 1255 1847 Andr.
1309 1807 1418 1847 Jens.
1466 1808 1587 1849 Tarv.

147 1873 248 1915 Loc.
280 1874 380 1915 Ald.
441 1892 516 1915 non
555 1876 706 1929 quidem
745 1876 852 1915 Ven.
914 1874 1091 1929 quando,
1131 1889 1210 1914 om.
1243 1891 1333 1913 nam
1372 1874 1506 1929 (quod
1536 1880 1587 1917 31.

149 1958 259 1982 man.
283 1942 458 1996 addidit)
489 1942 615 1983 Amb.
639 1948 675 1983 1.
725 1953 766 1982 at
789 1941 941 1997 quando
971 1941 1071 1981 Vid.
1093 1946 1214 1983 1538.
1252 1943 1376 1996 (1527
1398 1961 1496 1983 nunc
1515 1944 1589 1999 (7.).

153 2009 387 2064 [Equidem
437 2025 519 2049 non
550 2011 830 2054 *dubitaverim
875 2009 1121 2064 numquamlo
1176 2014 1382 2051 restituere
1426 2016 1590 2062 auctori,

152 2080 262 2128 cujus
292 2081 445 2130 generis
477 2081 692 2130 composita
722 2081 952 2132 ubicunque
985 2080 1173 2130 leguntur
1200 2082 1418 2119 scribarum
1449 2081 1593 2134 depra-

151 2149 330 2185 vationes
370 2155 532 2199 experta
570 2156 676 2187 sunt.
736 2145 819 2187 Nec
854 2148 1036 2198 intelligo
1080 2161 1149 2185 cur
1191 2148 1294 2186 illud
1333 2147 1593 2201 Spaldingius

153 2216 398 2253 salebrosum
425 2217 598 2266 putarit:
643 2230 739 2253 nam
765 2216 960 2253 sententia
989 2223 1092 2253 certe
1114 2214 1214 2254 haec
1238 2225 1317 2255 est:
1351 2218 1467 2255 facile
1487 2219 1593 2256 bona

156 2291 486 2334 corrumpuntur,
535 2291 575 2322 at
602 2283 705 2322 illud
735 2283 902 2321 dubium
930 2290 1007 2332 est,
1053 2284 1086 2320 si
1112 2285 1220 2322 mala
1248 2286 1345 2324 velis
1377 2284 1593 2338 aliquando

157 2350 392 2401 emendare,
433 2365 534 2388 num
562 2352 742 2390 futurum
772 2353 822 2390 sit
850 2360 894 2390 ut
924 2352 998 2389 tibi
1027 2350 1277 2403 contingat.]

273 2417 310 2466 §.
344 2421 380 2456 6.
443 2416 588 2457 Verum
623 2434 702 2458 om.
732 2418 859 2459 Amb.
883 2423 919 2458 1.
952 2417 1022 2472 (ut
1051 2420 1152 2469 conj.
1183 2417 1365 2473 Spald.).
1459 2418 1597 2459 Laelii

154 2484 261 2539 filia.
311 2484 399 2523 lolia
436 2485 686 2541 (mmfilia)
727 2485 852 2526 Amb.
889 2491 926 2526 1.
986 2485 1098 2525 Ζεῖἱαε
1120 2486 1220 2540 fllia
1257 2486 1354 2526 Tur.
1385 2486 1492 2527 Flor.
1527 2487 1596 2541 (in

161 2551 268 2592 Flor.
302 2555 353 2592 31.
384 2553 438 2591 in.
469 2568 568 2594 corr.
601 2552 778 2610 loliis.)
867 2552 1074 2617 Iioricnsdii
1105 2553 1153 2605 Q.
1173 2553 1296 2609 filiae
1325 2554 1464 2609 Camp.
1494 2555 1594 2597 Tur.

162 2617 212 2658 In
240 2618 366 2660 Amb.
394 2625 431 2660 1.
475 2621 575 2661 liaeo
615 2631 731 2661 sunt:
771 2621 987 2661 hortensiae
1015 2638 1061 2675 qe
1077 2621 1220 2677 filiae5
1255 2631 1416 2662 notatur
1443 2616 1594 2674 tamen,

164 2687 261 2728 duas
292 2697 454 2742 posterr.
487 2704 601 2730 voces
631 2692 792 2744 scriptas
822 2706 902 2730 esse
941 2706 966 2730 a
1001 2705 1124 2730 11131111
1162 2691 1334 2731 secunda
1370 2706 1485 2746 super
1515 2694 1596 2732 ori-
