1775 3091
173 208 191 242 1
199 210 223 243 Ο
606 200 876 257 Supplementa
905 204 1164 243 annotationis

169 319 318 369 ginales
355 318 527 367 litteras,
572 331 676 371 quae
713 318 875 356 fuerunt
912 319 1081 356 abrasae.
1139 314 1247 355 Flor.
1289 313 1474 354 hortensii
1502 328 1599 367 quae

157 385 287 439 filiae.
403 383 654 436 elegantiam,
687 398 766 423 om,
799 382 1085 438 elegantiorem,
1127 385 1248 423 etiam
1274 381 1397 422 Paris.
1418 386 1458 421 2.
1490 379 1596 419 Flor.

171 452 333 503 Turio.⁷
379 451 490 491 haud
531 452 650 490 dubie
688 449 812 489 Amb.
847 456 910 502 1.,
960 466 1053 491 cum
1089 453 1146 490 ita
1184 451 1334 490 dederit
1364 448 1466 490 Obr.
1517 446 1598 486 el'o-

167 522 361 573 quentiam
391 518 530 572 Camp.
591 517 843 571 eloquentiam
875 518 1146 572 elegantiorem
1176 517 1300 557 Paris.
1334 523 1370 556 1.

282 588 446 640 [Spald.
476 602 569 626 suae
599 588 849 624 annotationi
878 587 925 625 de
953 585 1160 627 Corneliae
1193 587 1365 638 epistolis
1394 578 1496 623 'haeo
1526 582 1600 621 ad-

166 658 341 708 scripsit:
384 653 706 706 „Fragmentum
734 655 815 702 ejus
845 656 893 692 ab
923 652 1090 693 Andr-ea
1129 652 1297 694 Schotto
1328 653 1481 691 editum
1508 649 1599 690 vide

164 725 268 761 inter
297 724 518 774 fragmenta
551 719 726 761 Cornelii
753 719 939 774 Nepotis,
990 725 1235 775 explicatum
1271 730 1310 760 et
1341 718 1600 759 emendatum

167 805 190 828 a
218 788 429 841 Rutgersio
460 787 558 827 Var.
589 789 681 825 lect.
711 789 782 827 lib.
805 787 848 827 V
877 804 908 827 c.
934 790 1032 828 12.“
1089 787 1239 828 Videat
1267 803 1362 827 sane
1393 788 1464 841 qui
1488 785 1598 832 velit,

165 858 284 897 modo
312 872 364 895 ne
393 857 458 909 pia
486 855 625 894 fraude
653 854 820 894 rhetoris
851 856 981 908 decipi
1009 871 1049 895 se
1077 854 1297 910 patiatur-,J

278 926 314 974 §.
345 928 385 964 7.
443 922 506 960 Ne
535 932 661 960 tamen
692 922 737 960 lu:
763 921 869 961 Flor.
902 921 1002 962 Tur.
1596 967 1599 970 ψ

279 993 316 1042 §.
349 995 388 1031 8.
449 989 548 1029 nihil
575 992 673 1028 enim
698 993 807 1044 pejus
836 1000 891 1027 est
920 992 981 1029 iis.
1043 993 1143 1028 enim
1170 1004 1250 1029 om.
1280 986 1407 1028 Amb.
1431 990 1468 1026 1.
1500 985 1598 1026 Tur.

165 1071 219 1100 est
246 1062 353 1114 pejus
391 1056 491 1097 Tur.
533 1056 673 1110 Camp.
732 1056 833 1095 nihil
861 1060 963 1095 enim
989 1073 1098 1110 pejus
1125 1056 1184 1095 lzis
1223 1056 1330 1096 Flor.
1389 1053 1603 1093 imbuerunt

163 1129 271 1170 Jens.
304 1126 424 1166 Tarv.
468 1124 577 1164 Ven.
689 1126 838 1177 peritis.
885 1125 1064 1177 partibus
1111 1122 1265 1162 Almel.
1310 1121 1448 1174 Camp.
1491 1123 1599 1161 Flor.

162 1196 290 1237 Amb.
319 1199 356 1234 1.
397 1192 535 1232 Turio.
651 1207 729 1245 qua
754 1190 861 1247 fere.
919 1188 981 1230 Ita
1013 1189 1133 1231 Gesn.
1167 1192 1229 1230 ed.
1262 1206 1282 1229 e
1313 1188 1436 1229 Goth.
1467 1189 1599 1238 Jens..·,

163 1265 273 1303 idem
311 1262 378 1301 dat
414 1258 514 1300 Loc.
567 1268 628 1310 et,
686 1267 844 1297 auctore
884 1257 1100 1309 Pottierio,
1150 1257 1274 1298 Paris.
1314 1263 1353 1298 2.
1414 1272 1489 1311 quo
1506 1254 1603 1312 fere

161 1335 274 1385 reliq.
307 1330 421 1380 edd.,
461 1330 582 1367 etiam
613 1325 749 1378 Camp.
781 1335 820 1365 et
850 1326 936 1364 cod.
967 1325 1090 1365 Paris.
1116 1330 1152 1365 1.

277 1399 314 1447 ξ.
346 1404 384 1437 9.
438 1398 522 1449 jam
550 1410 631 1434 om.
663 1395 753 1433 edd.
786 1403 876 1432 ante
906 1391 1005 1432 Sich
1035 1408 1121 1433 exc.
1157 1391 1319 1444 Camp.‚
1369 1406 1448 1431 om.
1481 1393 1601 1430 etiam

161 1466 281 1508 Bodl.
326 1467 437 1505 Voss.
467 1468 508 1502 2.
546 1461 747 1502 Poullain.
869 1471 1071 1514 persecuta
1114 1460 1213 1500 Tur.
1252 1459 1359 1499 Flor.
1399 1458 1526 1499 Amb.
1561 1463 1598 1498 1.

166 1534 305 1586 Camp.
347 1530 479 1571 Andr.
522 1528 624 1570 Bad.
671 1528 784 1569 Cerv.
815 1527 913 1567 Vid.
947 1526 1078 1568 Colin.
1113 1526 1268 1581 Gryph.
1301 1529 1382 1566 alii.
1443 1525 1599 1580 [Notae

163 1604 390 1654 exegeticae
419 1598 519 1637 haec
548 1597 666 1635 addas
693 1600 840 1636 velim:
880 1595 1160 1636 Santacrucius
1182 1605 1319 1634 tamen
1337 1597 1380 1633 in
1399 1592 1601 1632 Examina

162 1671 441 1709 historicorum
476 1664 602 1705 Alex.
640 1663 777 1717 Magn.
808 1680 848 1717 p.
878 1665 970 1704 194.
1009 1678 1093 1702 11011
1121 1661 1333 1702 Leoniden
1361 1663 1480 1700 fuisse
1510 1675 1600 1700 cor-

162 1747 364 1791 ruptorem
403 1736 502 1786 regii
539 1735 714 1783 juvenis,
765 1732 835 1771 sed
871 1729 1162 1784 Lysimachum
1188 1728 1472 1779 Acar-nauem,
1523 1743 1599 1767 nec

160 1809 278 1846 illum
298 1806 415 1842 fuisse
434 1801 732 1855 paedagogum,
752 1799 823 1838 sed
840 1800 1068 1838 educationi
1087 1799 1300 1850 praefuisse
1319 1793 1599 1846 demonstrat]

207 1914 209 1916 ,
275 1874 306 1926 ᾗ.
339 1875 403 1911 10.
461 1867 641 1921 plurimis
671 1865 824 1921 discipl.
856 1864 1045 1906 Amb.1.
1081 1864 1182 1905 Ald.

275 1942 307 1992 ᾗ.
342 1942 407 1977 11.
467 1935 678 1991 defuerint,
726 1944 772 1974 ut
807 1933 955 1986 Regius
993 1935 1140 1982 voluit,
1192 1932 1290 1972 Cod.
1331 1930 1599 1982 Florentium,

163 2012 233 2064 qui
259 2021 370 2045 1111110
400 2012 478 2053 est,
525 2004 807 2054 subterpuncto
831 2018 875 2062 Β.
935 1998 1090 2053 (Etiam
1113 1998 1261 2051 Regius
1285 2003 1340 2039 ait
1369 2008 1600 2052 „expuncta

161 2073 395 2119 videatur“,
425 2084 510 2109 non
539 2069 747 2121 „erasa“).
805 2067 927 2106 Multi
955 2074 1159 2119 praeterea
1185 2069 1266 2104 loci
1294 2076 1410 2116 sunt,
1454 2068 1598 2119 quibus

161 2143 375 2184 verisimile
415 2141 504 2188 fiat,
546 2137 657 2177 huno
693 2136 781 2175 eod.
811 2133 1091 2174 Florentinum
1120 2133 1294 2171 eundem
1323 2148 1425 2180 esse,
1475 2147 1598 2186 quem

162 2211 311 2263 Regius
331 2206 494 2245 laudare
513 2207 624 2243 solet.
683 2202 875 2259 defuerint
894 2203 1016 2240 etiam
1033 2198 1160 2239 Amb.
1174 2204 1211 2239 1.
1233 2198 1347 2240 Cerv.
1435 2199 1593 2238 homini.

161 2278 266 2320 Bad.
307 2276 409 2323 conj.
452 2272 588 2311 honeri
627 2269 709 2324 (ita
748 2272 854 2309 enim
893 2270 1011 2308 scribi
1045 2270 1132 2306 vuit
1168 2281 1239 2320 pro
1280 2265 1436 2320 oneri),
1491 2268 1598 2305 oneri

165 2346 281 2386 Cerv.
311 2341 461 2381 VidOV.
493 2338 622 2380 Colin.
653 2337 753 2378 Ald.
779 2344 817 2377 2.
932 2337 1098 2374 nutrices
1124 2350 1263 2388 pueros
1291 2333 1451 2385 habere3
1498 2350 1596 2387 pae-

165 2413 340 2465 dagogus
380 2417 420 2447 at
462 2423 569 2446 unus.
637 2403 762 2445 Amb.
810 2409 846 2443 1.
898 2405 1079 2442 nutrices.
1124 2417 1276 2455 pueros.
1326 2400 1593 2455 paedagogos.

164 2480 314 2519 habere.
364 2490 442 2530 quo
467 2483 505 2513 et
527 2476 621 2512 alios
645 2473 808 2512 editores
839 2480 877 2512 et
898 2470 1178 2523 Spaldingium
1208 2466 1288 2522 (cf.
1310 2470 1434 2520 praef.
1463 2471 1555 2509 Vol.
1573 2465 1596 2506 Ῑ

164 2563 205 2600 p.
235 2541 432 2596 LXXII)
462 2544 562 2581 ratio
592 2541 782 2590 ducebat3
839 2553 860 2577 e
888 2537 1025 2577 Turio.
1060 2545 1100 2575 et
1132 2534 1240 2575 Flor.
1271 2534 1377 2574 nihil
1404 2543 1589 2585 notaturt,

163 2611 413 2667 paedagogus
456 2611 577 2647 etiam
613 2606 704 2647 Par.
738 2613 775 2646 1.
810 2611 850 2645 2.
890 2614 929 2643 et
967 2604 1028 2643 ed.
1074 2601 1212 2655 Camp.
1269 2601 1592 2657 paedagogosque

165 2678 285 2719 Tarv.
328 2676 434 2717 Ven.
472 2674 569 2716 Ald.
685 2670 864 2729 loquendi
905 2687 978 2711 non
1018 2671 1215 2723 imperitus
1253 2669 1350 2711 Tur.
1390 2666 1513 2708 Amb.
1550 2672 1588 2706 1.
