1775 3091
380 258 434 301 ml
465 256 634 314 Quintil.
665 256 792 299 Instit.
828 256 882 308 V,
915 263 978 298 11.
1010 258 1048 310 §.
1084 262 1227 299 1-9,
1441 269 1522 305 275

195 377 231 430 §.
256 379 294 416 3.
354 390 433 431 qua
454 373 559 429 plur.
599 370 726 416 Amb.
750 378 788 414 1.
812 389 927 427 quam
943 370 1000 426 pl.
1087 382 1142 411 cst
1160 371 1274 429 Sper.
1312 372 1381 416 Sic
1401 379 1522 417 etiam

82 443 211 484 Amb.
239 449 274 483 1.
298 448 338 484 2.
367 441 480 482 Flor.
566 457 716 480 necesse
732 450 841 480 esset.
889 439 1026 480 Turio.
1049 437 1182 490 Flor.,
1211 449 1380 497 uterque
1409 460 1432 484 a
1460 461 1520 498 pr.

83 528 137 552 m.
170 528 249 551 nec.
273 521 342 550 esi.
445 509 662 549 novissime.
713 506 835 547 Amb.
859 512 896 547 1.
928 509 1141 547 verissima.
1188 507 1295 550 Flor.
1325 525 1348 549 a
1376 527 1434 564 pr.
1465 528 1520 554 m.

85 582 205 619 etiam
224 579 433 617 verissime.
530 574 734 631 inferebat.
780 572 906 614 Amb.
923 580 964 615 2.
995 590 1156 630 quoque
1183 576 1356 633 inferret.
1460 586 1524 621 eui

82 670 139 678 —-
169 648 428 685 concessisset.
486 640 612 683 Aan.
645 647 682 682 1.
715 647 755 683 2.
788 656 947 696 quoque
977 653 1018 681 ut
1038 665 1094 672 —
1115 647 1358 687 concessisse.
1413 646 1522 689 Flor.

81 722 187 754 certe
206 722 260 751 ut.
350 713 538 751 oratione.
585 708 713 751 Amb.
742 714 778 749 1.
808 708 915 749 Flor.
939 724 961 748 a
982 726 1039 763 pr.
1060 725 1115 751 m.
1139 714 1259 750 etiam
1278 716 1438 755 ratione.

197 781 232 831 §.
265 779 304 819 4.
346 778 542 818 “ευτηι“1ιιν.
579 777 674 816 Illa.
732 776 800 817 Sic
822 779 943 816 etiam
960 776 1065 819 Flor.
1090 794 1111 818 a
1130 794 1188 831 pr.
1207 795 1283 829 m.,
1323 791 1362 821 et
1385 788 1526 836 procul

84 849 205 888 dubio
227 846 353 886 Amb.
379 851 417 887 1.
524 845 765 885 concedetur.
818 844 850 885 Γ
854 859 907 884 ar.
933 850 970 885 1.
996 846 1287 896 concederetur,
1324 854 1526 906 ceterique

83 919 168 954 sine
187 916 306 954 dubio
327 916 397 967 qui
414 928 497 953 non
517 920 895 952 commemorantur.
1001 913 1105 964 Ouid
1123 938 1180 945 -—-
1195 920 1525 968 generosissimus,

85 981 152 1023 Sic
172 985 293 1021 etiam
309 979 435 1021 Δῃὼ.
452 986 489 1020 1.
539 979 635 1034 quid
655 983 761 1034 equis
783 982 849 1034 qui
864 985 1180 1033 generosissimus
1208 983 1313 1023 Flor.
1333 999 1354 1023 a
1375 1000 1434 1038 pr.
1455 1002 1529 1037 m„

84 1066 161 1089 sec.
185 1065 238 1088 m.
262 1066 297 1103 q.
321 1065 436 1102 cquus
454 1066 542 1101 gen.
597 1046 730 1088 Guelf.
752 1047 849 1101 quid
871 1073 926 1078 —
944 1066 1182 1101 generosum.
1289 1067 1411 1090 nonne
1431 1070 1468 1106 (l-
1491 1071 1526 1093 ο.

86 1128 120 1155 e!
138 1116 196 1171 pl.
242 1115 370 1155 Amb.
401 1120 437 1155 1.
469 1132 664 1169 nonnequc
691 1131 729 1169 q.
758 1131 792 1154 ο.
813 1124 869 1153 est
885 1115 944 1168 pl.
1032 1117 1247 1172 fotendum
1265 1121 1351 1159 erit.
1402 1118 1526 1162 Goth.

84 1200 168 1224 non
189 1186 357 1234 omittit,
398 1184 507 1238 quod
526 1181 647 1222 Gesu.
668 1191 816 1222 narrat.

199 1252 234 1303 §.
266 1255 304 1291 5.
364 1253 512 1289 etenim.
562 1249 670 1290 Flor.
705 1247 829 1306 Amb.
852 1255 890 1290 2.
918 1249 1008 1290 Par.
1042 1255 1079 1291 1.
1103 1257 1143 1292 2.
1169 1256 1206 1293 5.
1238 1250 1376 1307 Camp.
1408 1258 1529 1295 etiam

85 1329 153 1357 aut
184 1322 300 1358 enim.
352 1317 477 1359 Amb.
515 1323 550 1357 1.
581 1328 621 1356 ut
644 1319 764 1368 enim,
806 1320 941 1356 abrasa
972 1320 1086 1357 litera
1107 1329 1240 1359 aante.
1262 1331 1316 1361 ut.
1431 1326 1527 1377 ipse.

88 1384 223 1425 Guelf.
247 1387 339 1439 ipsi.
425 1386 634 1424 hominum.
684 1383 809 1424 Amb.
831 1390 868 1424 1.
893 1383 1029 1437 Camp.
1052 1386 1254 1427 hominem.
1342 1400 1376 1427 e!
1398 1406 1529 1443 equus,

86 1452 154 1493 Sic
177 1456 298 1492 etiam
316 1452 423 1493 Flor.
445 1451 569 1491 Amb.
594 1458 634 1491 2.
655 1451 746 1491 Par.
772 1456 809 1490 1.
832 1457 871 1490 2.
891 1455 928 1490 3.
1025 1452 1218 1493 claritate.
1270 1453 1409 1509 Camp.
1433 1457 1531 1496 celc-

86 1523 213 1560 ritate.
308 1519 489 1560 excellet.
541 1517 680 1571 Camp.
704 1517 881 1558 excellit.
985 1517 1228 1562 Similitudo.
1280 1520 1402 1564 Amb.
1430 1530 1464 1565 1.
1489 1532 1531 1568 2.

84 1586 192 1628 Flor.
208 1586 300 1627 Par.
326 1593 363 1628 1,
386 1593 426 1628 2.
449 1592 489 1627 3.
523 1602 683 1642 quoque
705 1584 997 1626 dissimilitudo.

198 1656 236 1705 ξ.
270 1660 308 1695 6.
368 1665 494 1694 autem
514 1665 581 1695 esi.
627 1653 765 1694 Turio.
789 1652 895 1692 Flor.
925 1668 947 1691 a
966 1669 1025 1706 pr.
1048 1669 1103 1694 m.
1125 1665 1251 1695 aulem
1275 1660 1369 1712 ejus.
1465 1672 1532 1700 aut

85 1732 140 1761 ut.
187 1721 314 1763 Amb.
339 1727 376 1762 1.
407 1727 432 1759 (ἱ
460 1733 520 1770 ut,
560 1725 669 1761 linea
697 1723 959 1773 superscripta
988 1730 1045 1759 est
1072 1724 1270 1762 secundae
1288 1740 1445 1766 manus.

83 1789 403 1843 persuadendum.
461 1786 596 1829 Guelf.
632 1786 758 1826 Amb.
792 1793 829 1827 2.
872 1786 1123 1827 suadendum.
1246 1793 1367 1842 igilur·
1396 1804 1530 1835 tolum.

86 1855 214 1896 Amb.
239 1861 274 1895 1.
295 1858 414 1894 inser.
435 1866 502 1894 est.
600 1865 642 1892 ut
663 1864 743 1895 aut.
791 1853 917 1895 Amb.
941 1859 979 1894 1.
1009 1853 1118 1894 Flor.
1148 1870 1170 1894 a
1199 1872 1258 1909 pr.
1290 1874 1346 1898 m.
1374 1875 1532 1916 quoque

88 1925 281 1962 omittunt
309 1933 370 1970 ut,
412 1937 491 1961 sec.
518 1936 575 1962 m.
598 1924 851 1975 transposuit.
963 1932 1084 1961 erunt.
1135 1921 1260 1964 Amb.
1288 1930 1323 1965 1.
1347 1938 1447 1967 sunt.

86 1990 332 2028 Saturninus.
378 1988 496 2029 57083.
523 1993 562 2028 3.
594 1986 733 2042 Camp.
755 1988 976 2030 Saturnius.
1066 1988 1251 2032 Gracchi.
1301 1991 1406 2033 Flor.
1429 2011 1451 2034 a
1469 2013 1529 2050 pr.

86 2073 143 2097 m.
168 2056 337 2110 Gragci,
386 2071 409 2096 a
438 2072 515 2096 sec.
555 2054 691 2107 Greci,
732 2059 775 2095 in
799 2071 923 2109 marg.
945 2066 990 2097 ut
1011 2058 1074 2097 ed.

201 2128 237 2178 §.
269 2129 308 2165 7.
366 2123 577 2163 molientes.
625 2122 762 2163 Turic.
795 2122 920 2164 Amb.
956 2131 996 2165 2.
1029 2129 1146 2166 Voss.
1176 2130 1210 2166 3.
1239 2126 1445 2170 molientis.

89 2189 235 2230 eadem.
283 2189 410 2231 Amb.
437 2197 472 2231 1.
496 2191 644 2232 iisdem.
694 2190 831 2231 Turio.
863 2190 968 2231 Flor.
989 2192 1102 2233 AJm.
1126 2194 1286 2242 eisdem,
1325 2198 1434 2250 quod
1451 2212 1534 2238 non

89 2259 286 2297 immerito
306 2260 521 2312 praeferas.
605 2274 660 2298 ex
679 2258 752 2298 his.
801 2257 925 2300 Amb.
941 2265 980 2300 2.
1005 2276 1059 2300 ex
1080 2263 1127 2301 is.
1217 2262 1379 2302 eosdem.
1428 2263 1460 2303 F
1462 2270 1534 2306 lor.

91 2340 115 2363 a
141 2340 201 2378 pr.
232 2339 288 2364 m.
321 2324 431 2380 colle.

205 2392 240 2444 §.
275 2395 314 2432 8.
369 2394 492 2432 iniis.
538 2390 665 2433 Amb.
688 2398 724 2433 1.
744 2399 784 2434 2.
809 2391 944 2435 Guelf.
968 2393 1091 2438 Goth.
1115 2394 1254 2450 Camp.
1274 2407 1313 2437 et
1335 2399 1420 2437 edd.
1443 2410 1535 2439 ante

93 2458 225 2500 Colin.
243 2489 254 2510 ,
297 2473 405 2499 exce.
427 2459 529 2500 Ald.
549 2459 650 2500 Bad.
677 2459 841 2512 Cel-vic„
862 2462 902 2501 in
920 2462 994 2501 his.
1079 2463 1261 2504 dicemus,
1304 2463 1440 2506 Guelf.
1465 2467 1537 2507 ‹Io-

91 2543 229 2567 cemus.
332 2537 501 2581 occupet.
553 2526 690 2567 Turio.
716 2540 928 2583 occuperet.

203 2598 238 2647 §.
260 2600 296 2635 9.
343 2604 438 2634 tota.
485 2592 618 2634 Guelf.
644 2609 724 2635 om.
811 2609 865 2635 ex
884 2599 1112 2651 majoribus.
1152 2598 1293 2653 Camp.
1312 2616 1338 2638 a
1358 2604 1450 2655 maj.
1485 2618 1487 2621 ·

91 2661 303 2701 minoribus
322 2661 375 2701 cul
390 2663 555 2715 majora.
597 2658 730 2702 Guelf.
754 2661 876 2705 Goth.
897 2667 1110 2719 majoribus
1129 2667 1183 2705 ad
1202 2671 1368 2708 minora.
1447 2668 1533 2710 duc.

95 2727 272 2783 Propter.
321 2728 389 2771 Sic
412 2731 532 2769 etiam
553 2726 679 2771 Amb.
703 2734 740 2771 1.
759 2734 901 2784 procul
923 2733 1058 2784 dubio,
1093 2732 1214 2775 Goth.
1233 2737 1350 2774 inser.
1371 2734 1451 2777 sed.

989 2799 1019 2841 S
1051 2806 1074 2841 2
