1775 3091
158 275 169 298 η’
186 277 276 327 214
632 282 904 339 Supplementa
941 281 1200 321 annotationis

196 397 362 453 affectu,
404 396 527 451 [quod
553 397 709 435 volebat
737 390 1015 446 Spaldingius,
1053 401 1184 443 recte,
1220 406 1315 431 nam
1345 390 1619 443 Quintilianus

195 480 276 504 non
314 467 515 516 conjungit
554 476 646 501 cum
673 462 742 499 illo
777 463 919 511 verbo,
957 462 1035 499 nisi
1061 459 1307 498 Ablativum.
1365 458 1622 512 Quamquam

197 531 357 582 Cicero,
400 534 507 580 cujus
537 531 768 580 exemplum
798 525 1073 577 Quintilianus
1102 527 1211 566 haud
1240 528 1358 566 dubie
1387 535 1620 575 veneratur,

198 601 347 639 duobus
376 601 470 638 Iocis
501 595 656 649 implere
684 610 775 634 culn
794 593 978 634 Genitivo
1008 597 1133 648 ponit,
1164 598 1297 644 altero,
1327 595 1376 633 de
1405 609 1483 648 quo
1504 607 1622 631 nemo

198 667 375 706 dubitare
403 671 549 716 potest,
593 663 644 701 ad
671 660 782 702 Fam.
808 660 888 712 IX,
931 667 998 713 18,
1038 665 1159 702 altero
1200 665 1268 716 qui
1297 664 1417 701 aliam
1447 663 1623 714 explica-

200 737 347 774 tionem
376 733 548 771 admittit
576 745 706 783 neque
734 738 869 768 tamen
897 731 1092 782 postulat,
1120 732 1165 768 in
1193 728 1311 769 Verr.
1341 727 1375 781 I,
1406 730 1491 780 46.]

308 802 344 850 §.
374 804 468 839 111.
523 807 661 851 putant
679 821 736 828 —-
756 796 975 851 ffctibus.
1036 795 1103 836 Sic
1133 799 1253 836 etiam
1283 795 1552 843 FlotagAmb,
1583 799 1621 834 2.

197 868 284 908 Par.
305 873 344 907 2.
367 872 406 907 3.
432 871 470 907 5.
585 866 649 919 qui
676 866 712 907 si
742 864 827 904 hoc.
882 861 1012 904 Guelf.
1039 862 1158 904 Voss.
1181 869 1223 904 2.
1260 879 1332 917 quo
1360 865 1396 901 si
1425 864 1510 903 hoc.
1548 879 1552 883 ’

196 951 314 987 neque
350 944 405 972 ut.
465 932 532 973 Sic
560 935 681 972 etiam
717 930 845 972 *Amb.
873 937 909 972 1.
947 946 1039 971 cum
1067 930 1177 971 Sich.
1301 929 1368 984 effi
1397 941 1482 969 sunt
1515 931 1624 968 enim.

199 999 321 1041 Goth.
361 1001 428 1055 qff]
461 1004 561 1040 enim
589 1010 689 1040 sunt.
747 998 849 1039 Edd.
880 1012 902 1038 a
935 998 1042 1039 Jens.
1076 1000 1127 1038 ad
1152 997 1280 1038 Colin.
1318 1008 1404 1035 sunt
1433 999 1531 1036 enim
1564 999 1627 1052 eff

309 1084 378 1108 cur
415 1085 498 1120 ego.
554 1067 659 1107 Flor.
691 1081 801 1119 apr.
831 1082 886 1105 m.
927 1083 996 1105 cur
1025 1083 1128 1119 ergo.
1248 1065 1337 1103 dum
1368 1081 1464 1104 eum.
1520 1064 1627 1104 Flor.

199 1149 355 1188 quoque
385 1135 474 1174 clam
504 1152 597 1187 ego,
638 1142 676 1172 et
703 1133 792 1172 Par.
825 1138 861 1173 1.
905 1149 994 1172 cum
1022 1133 1134 1173 Vall.
1186 1149 1271 1172 cum
1297 1148 1378 1184 ego.
1432 1130 1556 1172 Amb.
1590 1138 1626 1172 1.

198 1205 346 1241 siletur.
378 1218 391 1223 ‘
471 1218 635 1241 movere.
702 1199 770 1241 Sic
808 1204 928 1240 etiam
965 1200 1072 1241 Flor.
1122 1199 1479 1240 Ambrosianorum
1516 1202 1627 1238 nulla

199 1271 244 1308 fit
271 1272 435 1309 mentio.

312 1337 347 1387 §.
382 1341 475 1377 112.
542 1335 638 1383 Cur,
670 1335 782 1389 quocl.
844 1334 980 1388 Camp.
1009 1334 1131 1375 Bern.
1174 1333 1268 1389 quid
1297 1333 1410 1388 quod.
1524 1351 1629 1373 sum-

197 1418 264 1441 ma
291 1415 410 1456 parte.
467 1402 592 1444 Amb.
619 1409 656 1445 2.
686 1404 802 1444 Voss.
836 1407 872 1441 1.
906 1408 945 1442 3.
975 1406 1102 1442 omitt.
1139 1413 1264 1456 parte.
1386 1418 1470 1442 cum
1499 1399 1627 1456 proies,

202 1467 334 1509 Guelf.
365 1486 434 1509 cur
458 1487 587 1524 praes,
688 1470 896 1526 faciliore.
945 1468 1070 1508 Amb.
1096 1474 1131 1508 1.
1155 1469 1392 1524 faciliorem.
1501 1472 1628 1508 animo

201 1539 280 1589 ejus
311 1538 498 1576 abusurus
530 1547 729 1591 occupato.
782 1535 907 1575 Aan.
939 1541 975 1574 1.
1017 1538 1184 1574 animum
1213 1552 1245 1574 c.
1283 1535 1482 1574 habiturus
1513 1551 1630 1575 occu·

198 1614 347 1657 patum.
407 1603 541 1644 Turio.
571 1607 737 1643 animum
769 1620 797 1642 e.
827 1614 867 1642 at
899 1603 1064 1641 ambitur
1096 1612 1333 1655 occupatum.
1388 1601 1500 1641 Alm.
1528 1618 1630 1656 quo-

199 1686 277 1724 que
306 1672 372 1710 dat
397 1674 585 1720 animum,
615 1674 658 1708 in
688 1685 766 1724 quo
795 1679 833 1709 et
853 1679 1011 1709 notatur
1041 1672 1135 1708 alios
1165 1685 1233 1721 pro
1275 1669 1461 1707 alvusnrns
1498 1671 1627 1722 legere

201 1738 330 1777 abitur
358 1747 396 1777 et
424 1753 521 1777 mox
550 1749 790 1790 occupatum.
905 1739 1031 1775 animo
1062 1740 1153 1789 ejus.
1203 1735 1336 1775 Guelf.
1369 1739 1494 1775 animo
1525 1749 1572 1776 et.

312 1805 348 1855 ξ.
389 1810 482 1844 113.
544 1807 656 1844 civis.
726 1801 864 1843 Turic-
904 1806 1023 1856 cujus.
1167 1804 1376 1842 verberum.
1433 1803 1557 1843 Amb.
1589 1811 1628 1845 2.

201 1880 241 1912 et
268 1874 350 1925 ipse
378 1873 594 1912 verborum.
701 1887 741 1909 se
763 1869 880 1909 Rom.
911 1887 1000 1910 esse.
1053 1869 1175 1909 Amb.
1199 1875 1235 1909 1.
1266 1868 1381 1910 Rom.
1412 1887 1490 1908 esse
1520 1888 1571 1911 sc.

313 1941 349 1990 §.
384 1941 476 1979 114.
537 1956 610 1979 ηοη
641 1949 733 1977 iam.
792 1935 929 1977 Turio.
971 1948 1114 1977 notam.
1215 1939 1371 1992 flentcs.
1430 1937 1554 1978 Amb.
1592 1943 1630 1978 1.

202 2005 337 2059 Camp.
364 2010 516 2061 flentis.
630 2005 792 2046 invidia.
848 2005 955 2045 Sich.
990 2005 1190 2045 invidiam.
1306 2004 1377 2043 ulli
1406 2004 1497 2058 epil.
1553 2004 1632 2046 Co-

200 2076 274 2114 [m.
315 2074 376 2113 illi
413 2074 500 2128 epil.

315 2143 350 2192 ᾗ.
384 2146 475 2181 115.
534 2143 660 2193 magis
692 2140 780 2180 hah.
817 2143 903 2178 mis.
970 2140 1058 2179 Hoc
1098 2140 1234 2179 ordine
1273 2141 1393 2179 etiam
1434 2138 1560 2178 Amb.
1595 2145 1629 2178 1.

203 2224 297 2248 cum
324 2208 430 2249 Flor.
546 2208 753 2247 advocare.
809 2206 915 2246 Flor.
945 2210 1064 2246 etiam
1101 2207 1301 2246 advocari.
1422 2208 1470 2244 iis
1506 2207 1629 2246 rebus.

202 2274 343 2316 Turic-
382 2279 415 2315 is
445 2290 476 2316 r.
537 2274 663 2315 Amb.
696 2280 732 2314 1.
771 2271 903 2314 Guelf.
944 2271 1065 2314 Goth.
1107 2272 1242 2326 Camp.
1282 2281 1321 2311 et
1350 2282 1499 2312 ceterae
1539 2275 1629 2314 edd.

203 2353 295 2383 ante
325 2342 452 2383 Stoer.
494 2342 553 2381 his
587 2359 618 2382 r.
734 2341 931 2396 affictum.
984 2339 1120 2380 Turio.
1153 2339 1362 2396 adfectum.
1476 2343 1517 2379 in
1542 2358 1632 2394 pcr-

203 2413 391 2449 oratione.
449 2409 581 2450 Turio.
615 2415 657 2450 in
683 2411 965 2465 perorationem
995 2423 1087 2447 cum
1114 2406 1252 2455 A11n.,
1284 2406 1421 2460 Camp.
1465 2411 1633 2462 impera-

202 2487 336 2517 iorem.
449 2481 686 2518 narraveris.
747 2475 872 2516 Amb.
905 2481 944 2515 2.
985 2474 1075 2515 Par.
1108 2480 1144 2514 1.
1164 2481 1203 2514 2.
1225 2479 1263 2514 3.
1299 2478 1418 2513 etiam
1447 2491 1633 2513 narrave-

205 2546 270 2583 rit.
327 2543 453 2584 Amb.
482 2550 518 2584 1.
557 2549 705 2584 siletur.
821 2546 1003 2582 assuevit.
1064 2541 1199 2581 Turio.
1232 2557 1254 2580 a
1279 2558 1338 2594 pr.
1366 2558 1422 2581 m.
1461 2542 1628 2587 adsevit,

205 2625 228 2650 a
257 2627 332 2650 sec.
362 2627 417 2651 m.
457 2610 648 2659 adsentit,
679 2627 771 2651 cum
801 2609 918 2650 Bodl.
960 2610 1092 2651 Andr.
1123 2609 1260 2664 Camp.
1370 2612 1525 2662 jamque
1552 2623 1627 2644 eas.

205 2675 343 2729 (amp.
379 2681 535 2731 jamque
571 2678 675 2718 illas.
791 2694 827 2717 c.
862 2681 982 2718 novis.
1041 2677 1166 2717 Amb.
1196 2684 1231 2717 1.
1273 2678 1360 2716 Par.
1396 2681 1431 2714 1.
1473 2689 1629 2727 quoque

206 2758 239 2782 c.
285 2743 404 2783 nobis.
464 2744 586 2784 Amb.
618 2752 657 2785 2.
698 2747 755 2784 bis
793 2747 901 2784 novis
942 2744 1118 2783 exhibet·
1239 2754 1292 2782 est
1325 2742 1431 2782 nobis
1467 2751 1626 2779 mutare.
