1775 3091
192 229 274 266 268
625 224 895 280 Supplementa
923 230 1185 267 annotationis

303 339 341 389 §.
372 343 438 380 91.
499 337 733 378 concidendi.
787 335 913 378 Amb.
946 342 983 378 1.
1012 337 1120 380 Flor.
1152 355 1174 381 a
1202 356 1261 394 pr.
1288 356 1341 381 1n.
1371 340 1483 382 Alm.
1512 359 1613 397 quo-

191 421 269 460 que
299 405 538 445 concedendi.
625 406 817 456 graliora.
865 404 1001 445 Etiam
1030 405 1157 448 Amb.
1192 414 1228 448 1.
1257 407 1364 448 Flor.
1394 408 1486 449 Par.
1511 416 1548 450 1.
1571 416 1613 451 2.

190 479 229 513 3.
257 476 467 526 graviora,
525 472 627 525 [nec
648 472 763 511 video
786 474 882 527 quid
899 475 1110 527 impedIat,
1136 479 1349 530 quominus
1368 477 1619 530 recipiamu]

272 543 479 580 mittamus.
526 538 661 578 Etiam
688 538 796 580 Flor.
826 556 848 579 a
877 557 953 581 sec.
983 557 1039 581 m.
1072 546 1257 583 omittam.

299 610 338 659 §.
369 613 433 649 92.
492 606 564 645 Ex
592 609 751 660 majore.
810 607 919 649 Flor.
948 619 982 648 et
1011 612 1167 663 majori.
1225 611 1352 653 Amb.
1373 618 1415 653 2.
1447 627 1502 650 ex
1525 628 1614 650 ma-

181 679 288 731 jora.
381 685 565 715 armatos.
616 673 748 715 Guelf.
785 685 973 716 armatus.
1066 689 1210 727 movet,
1249 678 1301 720 iel.
1350 677 1472 719 Goth.
1502 678 1616 720 Jens.

187 754 228 784 et
250 744 338 783 edd.
364 752 453 781 ante
472 741 603 783 Colin.
623 759 720 782 mov.
746 746 791 783 is.
904 744 1041 785 advoc.
1063 762 1147 784 non.
1195 745 1262 786 Sic
1287 750 1406 786 etiam
1425 745 1550 791 Amb.
1572 751 1612 786 1.

183 812 292 853 Flor.
377 823 420 850 tu
443 813 628 866 potueris-
683 809 821 864 Camp.
847 829 889 865 p.
920 822 951 851 t.
1046 815 1080 851 is
1096 813 1254 870 factus.
1299 813 1407 854 Flor.
1430 829 1452 853 a
1471 830 1530 866 pr.
1554 829 1611 854 m.

184 883 219 920 is
254 879 395 934 factis.
510 890 550 919 iu
587 895 694 919 conc.
751 880 878 921 Amb.
916 884 954 920 1.
992 879 1100 920 Flor.
1145 895 1168 920 a
1205 896 1264 934 pr.
1301 896 1357 921 m.
1396 884 1515 921 etiam
1544 883 1612 919 in-

181 964 276 988 sert.
301 964 393 987 ηοη.

294 1017 330 1067 §.
361 1018 428 1054 93.
485 1013 656 1066 Ligarii.
712 1012 820 1054 Flor.
863 1030 885 1054 a
913 1031 973 1068 pr.
1004 1031 1059 1055 m.
1090 1015 1246 1069 Ligari.
1360 1014 1500 1055 dicere.
1559 1014 1612 1054 Et

182 1082 250 1122 ibi.
307 1081 431 1123 Amb.
466 1086 504 1121 1.
531 1081 640 1122 Flor.
670 1091 708 1121 et
734 1084 808 1135 ipsi
834 1082 872 1122 cl.
906 1084 988 1122 tibi.
1044 1082 1133 1123 Par.
1166 1088 1204 1123 3.
1227 1087 1265 1124 5.
1300 1082 1335 1122 cl.
1365 1084 1431 1123 ibi.
1543 1083 1612 1123 An

180 1150 376 1204 sperandi.
434 1148 562 1190 Amb.
589 1155 625 1189 1.
655 1165 734 1189 om.
764 1166 829 1189 αη.
885 1149 993 1190 Flor.
1022 1150 1251 1205 superandi,
1290 1154 1433 1190 omisso
1463 1167 1525 1190 an.

179 1216 359 1271 Ligario.
415 1216 552 1256 Turio.
585 1232 608 1256 a
628 1233 705 1256 sec.
729 1233 783 1256 m.
810 1217 1029 1271 Ligarium.
1085 1218 1193 1258 Flor.
1223 1234 1245 1257 a
1270 1234 1330 1271 pr.
1351 1234 1407 1258 m.
1436 1218 1613 1271 Ligarii.-

265 1289 378 1324 ctiam
395 1301 468 1339 pro
494 1284 626 1324 altero.
686 1283 823 1338 Camp.
851 1303 891 1339 p.
913 1302 946 1324 α.
973 1302 1003 1325 e.
1116 1285 1228 1324 Itane
1249 1288 1357 1324 scire.
1404 1285 1470 1326 Sic
1491 1279 1612 1325 etiam.

180 1350 308 1395 Amb.
335 1359 374 1393 ’1.
394 1360 434 1394 2.
461 1352 570 1392 Flor.
601 1351 689 1393 Par.
713 1358 751 1393 1.
772 1359 811 1393 2.
833 1358 872 1393 3.
970 1364 1024 1393 est
1054 1355 1164 1393 satis.
1211 1352 1320 1394 Jens.
1343 1362 1382 1393 et
1405 1354 1496 1394 edd.
1519 1363 1612 1393 ante

178 1418 282 1460 Bad.
312 1437 342 1459 s.
371 1438 407 1461 e.

292 1489 328 1539 §.
360 1487 428 1527 94.
487 1488 629 1526 causis.
682 1484 810 1526 Amb.
835 1491 873 1526 1.
905 1502 1064 1542 quoque
1094 1490 1251 1528 omittit.
1309 1487 1418 1528 Jeus.
1449 1496 1486 1526 et
1518 1484 1610 1528 edd.

181 1564 271 1595 ante
290 1554 392 1595 Bad.
416 1571 548 1594 causa.
639 1563 818 1607 tempore.
867 1551 1004 1607 Camp.
1032 1555 1276 1608 temporibus.
1359 1571 1491 1609 praec.
1511 1557 1611 1608 conj.

179 1621 248 1663 Sic
280 1626 401 1661 etiam
430 1621 537 1661 Flor.
570 1620 696 1662 Amb.
728 1626 767 1661 2.
826 1619 889 1662 A’t
916 1620 1044 1662 Amb.
1079 1627 1117 1661 1.
1154 1638 1284 1675 praec.
1313 1624 1498 1675 juncium.

176 1690 418 1743 subjecimus.
481 1687 621 1740 Camp.
660 1688 896 1740 subjicimus.
1026 1691 1073 1728 id
1105 1699 1173 1729 est.
1229 1687 1364 1728 Guelf.
1405 1687 1532 1729 Amb.
1569 1694 1610 1729 2.

179 1754 318 1809 Camp.
348 1755 460 1796 idem.
572 1765 613 1794 ut
643 1754 810 1809 quidque
838 1779 897 1785 —-
923 1758 1059 1809 specie.
1116 1755 1243 1797 Amb.
1266 1762 1305 1795 2.
1337 1767 1376 1793 ut
1405 1759 1541 1810 quique
1570 1772 1611 1794 se

176 1826 324 1878 specie,
376 1826 513 1865 ceteris
548 1825 709 1863 omissis.
821 1824 1076 1861 incrementis.
1137 1821 1263 1864 Amb.
1296 1827 1334 1862 1.
1367 1824 1611 1864 incremento.

197 1894 199 1896 ’
263 1890 377 1930 simil.
405 1916 462 1922 —--
493 1907 641 1944 conseq.
694 1888 821 1931 Amb.
845 1895 880 1929 1.
913 1888 1024 1943 Flor.
1053 1905 1075 1929 a
1095 1906 1154 1943 pr.
1175 1906 1230 1929 m.
1262 1892 1346 1928 sim.
1369 1906 1486 1944 pugn.
1508 1907 1633 1929 conss

256 1961 415 2013 jugatis.
474 1957 607 1997 Etiam
637 1956 761 1999 Amb.
795 1962 832 1997 1.
866 1973 888 1996 a
909 1973 969 2010 pr.
994 1973 1050 1998 m.
1079 1957 1378 2013 Flenfitgalis.
1412 1956 1536 1998 Amb.
1570 1963 1609 1998 1.

176 2042 201 2068 a
220 2043 298 2068 sec.
316 2043 371 2066 111.
390 2012 562 2083 JucaiiS.
614 2023 741 2066 Amb.
765 2030 803 2065 2.
835 2023 924 2065 Par.
950 2029 986 2065 1.
1011 2030 1046 2067 5.
1073 2027 1214 2064 itidem
1233 2027 1437 2064 omittunt.
1519 2024 1611 2079 plu-

176 2112 252 2135 res.
299 2093 427 2138 Amb.
457 2099 493 2135 2.
521 2092 663 2148 pluris.
772 2091 978 2132 diducitur.
1025 2091 1154 2134 Amb.
1176 2097 1213 2132 1.
1234 2098 1273 2133 2.
1300 2107 1461 2147 quoque
1488 2091 1612 2131 declu-

175 2165 290 2204 citur.

291 2231 327 2281 §.
358 2232 426 2271 95.
483 2244 559 2268 non
580 2244 604 2267 α
624 2226 728 2284 conf
772 2224 900 2268 Amb.
922 2232 961 2267 2.
983 2239 1140 2281 quoque
1160 2240 1240 2265 om.
1265 2242 1302 2265 α.
1397 2226 1608 2279 afictione.

176 2296 304 2340 Amb.
337 2302 374 2336 1.
406 2311 428 2334 a
454 2311 514 2349 pr.
536 2311 591 2335 ln.
623 2312 648 2335 α
667 2296 845 2349 pictione.
901 2293 1038 2335 Turio.
1071 2296 1278 2351 officiione.
1370 2290 1475 2332 καθ’
1505 2289 1609 2333 ὑπό-

176 2369 308 2406 θεσιν.
362 2363 489 2406 Amb.
523 2368 559 2404 1.
589 2363 845 2418 cathypoesin.
904 2365 1040 2403 Guelf.
1074 2359 1177 2402 κατὰ
1208 2357 1430 2415 ὑπόκρισιν.
1536 2362 1608 2399 iis-

178 2435 276 2473 dem.
331 2430 461 2474 Amb.
484 2437 522 2472 2.
552 2430 682 2469 isdem.
765 2429 900 2484 quibus
920 2446 1000 2484 sup.
1050 2429 1176 2471 Amb.
1204 2433 1241 2469 1.
1269 2444 1365 2482 quae
1393 2443 1423 2465 s.
1517 2438 1608 2482 quot

179 2515 301 2540 verae.
357 2499 464 2540 Flor.
500 2513 521 2537 a
539 2514 599 2551 pr.
621 2513 677 2537 m.
707 2496 808 2552 quod
833 2512 960 2545 verre,
1011 2512 1033 2537 a
1051 2513 1128 2537 sec.
1150 2512 1202 2535 m.
1234 2506 1323 2550 quot
1353 2510 1450 2534 vere.

291 2567 327 2619 §.
350 2572 415 2607 96.
472 2566 556 2607 hoc.
604 2563 727 2605 Goth.
749 2564 856 2604 haec.
941 2564 1025 2605 loco
1048 2574 1116 2605 est.
1164 2562 1290 2603 Amb.
1316 2567 1351 2601 1.
1374 2561 1482 2601 Flor.
1502 2574 1606 2613 quo-

180 2648 257 2687 que
277 2636 412 2673 inserr.
435 2634 488 2673 id.
585 2636 633 2673 si.
688 2629 808 2672 Amb.
830 2637 867 2671 1.
899 2647 922 2671 a
939 2647 1015 2672 sec.
1037 2647 1088 2671 1n.
1108 2634 1199 2672 sive.
1302 2644 1445 2668 verum.
1496 2625 1528 2665 F
1530 2628 1603 2665 lor.

180 2715 204 2740 a
223 2716 282 2754 pr.
307 2716 360 2741 m.
385 2717 528 2741 veram.
615 2711 682 2740 aut
703 2699 842 2740 solvat.
895 2696 1016 2741 Goth.
1035 2714 1086 2739 an
1102 2698 1200 2740 solu.
1284 2692 1602 2750 adjuvctdeinde.
