1804 3091
1465 217 1538 251 vn

90 321 199 364 Nam
239 334 332 362 cum
374 319 496 361 initio
535 317 629 374 plus
671 331 825 375 operae
859 319 900 359 in
934 317 1062 360 rebus
1091 314 1379 371 explicandis,
1411 329 1534 370 quam

89 403 131 442 in
164 400 305 442 verbis
334 400 387 440 ad
410 400 599 439 criticam
620 399 810 439 veritatis
835 398 1042 438 rationem
1064 395 1288 452 exigendis
1310 396 1535 450 posuisset,

88 494 218 536 seque
248 479 421 520 omnino
458 478 659 518 studiosis
696 477 836 532 potius
869 475 1018 516 harum
1046 473 1280 516 litterarum
1312 488 1436 529 quam
1463 487 1537 529 pe·-

91 561 182 599 ritis
214 557 401 599 scribere
440 556 822 611 professus'esset:
853 557 896 596 in
929 567 1155 611 progressu
1187 554 1353 608 operis,
1384 554 1537 608 partim

88 637 198 692 quod
226 638 431 676 incertam
462 643 627 685 textus,
678 636 749 689 qui
779 635 958 684 dicitur,
1009 633 1354 674 constitutionem
1383 631 1536 674 §trelius

88 716 396 770 perspexisset,
444 715 597 769 partim
638 714 749 769 quod
791 715 926 755 auctis
967 713 1100 767 copiis
1139 708 1266 751 etiam
1307 711 1386 752 hac
1414 713 1459 753 in
1489 725 1536 752 re

87 807 240 849 operae
260 807 354 834 sese
376 794 559 848 pretium
591 792 800 834 facturum
831 801 1035 847 speraret,
1066 793 1205 846 coepit
1226 793 1363 846 magis
1382 792 1538 846 magis-

88 887 168 928 que
198 886 283 913 non
313 871 386 912 ille
417 872 586 926 quidem
615 873 807 912 omittere
844 873 1086 926 interpretis
1115 870 1326 921 officium,
1373 871 1448 911 sed
1477 879 1538 911 ta·

88 965 185 991 men
224 952 452 992 intentiore
494 964 594 991 cura
634 950 762 992 sinuil
800 951 940 992 fontes
979 958 1171 1005 receptae
1210 948 1404 990 lectionis
1435 963 1537 990 exa-

89 1030 249 1069 minare
291 1039 332 1069 ct
365 1030 574 1082 judicium
613 1028 790 1069 liberius
819 1029 870 1068 ad
901 1029 1197 1083 corrigendum
1229 1037 1392 1069 textum
1422 1027 1540 1069 adhi-

89 1108 204 1149 bere.
262 1106 406 1161 Itaque
435 1108 480 1147 in
510 1108 647 1161 primo
677 1105 891 1146 volumine
922 1108 1136 1147 variantes
1159 1096 1536 1160 scripturaslibro-

88 1200 183 1226 rum
213 1193 255 1226 et
283 1199 412 1226 manu
442 1194 714 1226 exaratorum
744 1193 785 1225 et
815 1183 917 1225 olim
946 1185 1272 1240 impressorum,
1303 1200 1408 1240 quos
1440 1200 1536 1241 par-

88 1266 164 1305 tim
193 1263 280 1315 alii,
313 1273 355 1305 et
381 1265 587 1318 imprimis
615 1262 900 1315 Burmannus,
934 1263 1235 1315 adhibuerant,
1266 1266 1420 1318 partim
1446 1266 1538 1319 ipse

89 1342 344 1398 collegerat,
381 1341 514 1384 multo
542 1345 709 1399 parcius
739 1343 1084 1384 commemoravit
1114 1357 1236 1398 quam
1266 1341 1468 1398 paulatim
1495 1344 1538 1383 in

87 1421 221 1463 altero
250 1422 389 1463 facere
421 1423 560 1477 coepit
590 1430 632 1462 et
659 1436 833 1477 prorsus
863 1422 963 1463 fecit
984 1423 1027 1462 in
1049 1423 1194 1463 tertio:
1227 1430 1272 1463 ut
1291 1423 1391 1463 inde
1413 1421 1539 1463 nobis

87 1503 316 1542 necessitas
365 1509 634 1552 nasceretur,
681 1502 716 1542 si
763 1503 1102 1542 convenientiam
1150 1496 1364 1556 quandam¹
1409 1495 1541 1542 totius

89 1578 290 1618 editionis
330 1577 497 1620 efficere
538 1578 768 1631 vellemus,
819 1579 1059 1635 Spaldingii
1098 1581 1278 1637 vestigia
1313 1578 1457 1636 legere
1480 1589 1542 1621 et

90 1666 306 1712 repetere,
347 1671 452 1712 quae
482 1659 572 1713 ipse
603 1667 690 1699 tum
723 1660 890 1714 quidem
921 1659 1117 1701 consulto
1148 1661 1369 1710 omiserat,
1395 1667 1543 1714 postea

89 1736 281 1776 omisisse
302 1749 428 1791 aegre
454 1737 632 1779 ferebat.
675 1736 821 1793 Itaque
845 1732 1027 1793 amplam
1052 1740 1116 1779 rei
1130 1730 1302 1779 criticae
1319 1724 1541 1779 materiem

90 1812 381 1868 congessimus
412 1828 466 1855 ex
497 1815 756 1856 editionibus
795 1816 1035 1865 veteribus,
1079 1814 1368 1870 Caiupaniana
1397 1816 1541 1871 (1470)

91 1891 351 1933 Jensoniana
391 1894 534 1947 (1471)
574 1893 831 1935 Tar-xisiana
868 1894 1012 1949 (1482)
1065 1893 1358 1936 Locatelliana
1396 1895 1540 1950 (1493)

94 1969 264 2011 Veneta
294 1971 436 2026 (1494)
466 1970 625 2012 Aldina
647 1972 790 2026 (1514)
821 1970 1012 2014 Badiana
1032 1973 1176 2028 (1516)
1208 1965 1541 2017 Cei-vieorniana

92 2050 234 2103 (1521)
267 2048 547 2090 Sichardiana
565 2050 708 2104 (1529)
739 2047 946 2090 Colinaea
964 2052 1109 2108 (1543)
1133 2050 1377 2107 Gryphiana
1395 2038 1540 2108 (1544)

95 2141 219 2182 porro
252 2127 507 2179 >stom-iana,
557 2126 824 2169 Chouetiana
861 2132 1098 2186 ceterisque
1126 2130 1456 2181 recentioribus,
1496 2137 1541 2169 et

90 2206 321 2259 adjecimus
371 2207 566 2262 quicquid
618 2206 799 2261 alicujus
851 2211 1056 2250 momenti
1100 2211 1314 2251 videretur
1352 2222 1446 2250 esse
1483 2221 1539 2249 ex

92 2283 417 2325 Burmannianis
440 2294 481 2325 et
504 2284 779 2327 Gesnerianis
809 2288 958 2341 copiis,
989 2289 1088 2329 item
1121 2290 1334 2330 variantes
1363 2288 1541 2341 scriptu*

93 2377 162 2403 ras
195 2362 516 2416 Guelferbytani
547 2372 588 2403 ot
618 2363 804 2404 Gothani
835 2366 1014 2417 codicis,
1048 2381 1149 2421 quas
1182 2367 1347 2422 quidem
1375 2366 1540 2406 omisis-

94 2450 157 2481 set
187 2439 478 2496 Spaldingius:
509 2455 641 2496 eaque
669 2457 715 2483 re
744 2444 1013 2498 perfecimus,
1045 2460 1128 2486 non
1159 2444 1297 2486 solum
1326 2453 1372 2485 ut
1399 2445 1542 2499 priora

96 2518 313 2559 volumina
355 2520 409 2559 ad
446 2521 623 2561 eandem
664 2536 757 2563 cum
796 2521 970 2578 reliquis
1000 2526 1044 2564 in
1074 2523 1154 2564 hoc
1184 2525 1352 2579 quidem
1383 2536 1538 2579 genere

95 2598 397 2653 perfectionem
428 2599 758 2651 adducerentur,
802 2603 875 2644 sed
906 2603 1032 2643 etiam
1064 2611 1231 2653 textus,
1273 2604 1343 2657 qui
1375 2602 1540 2649 dicitur,

98 2676 271 2718 historia
305 2677 508 2733 (praedam
539 2680 684 2720 critica
703 2679 1079 2721 demonstraretur.
1138 2680 1250 2730 Quin
1275 2681 1400 2721 etiam
1426 2680 1542 2734 quic-
