1775 3091
236 250 288 290 (ul
310 248 470 303 Quintil.
493 249 619 288 Ina-tit.
647 246 700 296 γ,
728 252 792 288 11.
824 249 858 300 §-
884 247 1078 290 38—44.
1123 252 1188 289 12.
1212 247 1247 301 §.
1273 253 1414 290 1—-5-
1472 258 1552 292 263

125 365 326 416 contingit.
375 361 497 403 Goth.
527 365 646 402 etiam
675 364 855 416 contigit,
897 371 935 401 et
955 360 1263 417 Guelf.jaclices.
1313 361 1457 403 Flor.a
1479 380 1555 403 sec.

124 447 180 471 m.
208 434 327 470 inser.
358 441 435 470 aut.
546 440 626 469 aut.
675 429 778 470 Flor.
807 439 870 479 at,
909 445 931 469 a
959 445 1034 470 sec.
1062 445 1117 470 m.
1147 446 1207 471 ac.
1324 429 1555 472 adversarii.

124 497 247 539 Amb.
271 503 307 538 1.
336 497 539 537 diversari.
649 500 737 551 ejus.
782 495 902 536 Amb.
935 503 972 536 1.
1002 513 1060 537 eo.
1175 513 1228 537 ex
1253 496 1331 538 cliv.
1384 496 1520 552 Camp.
1540 516 1560 537 e

126 566 203 604 ιῖἰυ.
316 567 410 617 agir.
469 564 573 604 Flor.
605 568 747 617 agitur.
805 562 925 604 Goth.
957 568 1026 603 ait.
1149 564 1317 621 aliquod.
1374 563 1493 606 Amb.
1524 572 1560 607 1.

125 631 262 672 Turio.
295 629 434 685 Camp.
465 631 571 672 Jens.
601 631 720 671 Tarv.
749 630 909 686 aliquid.
1021 647 1224 673 assumere.
1281 631 1414 687 Camp.
1447 650 1560 673 assu-

124 709 244 738 mant.
330 709 365 737 ct
385 699 465 737 has.
516 697 655 752 Camp.
678 698 731 738 acl
752 699 835 739 has.
932 700 1048 739 inart.
1066 699 1176 753 prob.
1225 698 1292 740 Sic
1315 704 1434 740 etiam
1454 700 1560 743 Flor.

125 767 246 807 inari.
272 769 500 808 orationum.
540 764 660 808 Amb.
681 772 718 806 2.
741 764 862 806 Bern.
882 764 998 807 Voss.
1020 771 1055 807 1.
1076 772 1116 808 3.
1210 768 1312 824 quod
1334 785 1390 809 ea.
1426 767 1563 823 Calnp.

125 836 269 887 quiea.
354 836 549 874 inveniret.
596 831 718 875 Amb.
745 839 782 875 1.
813 833 920 876 Flor.
949 837 1144 876 invenerit.
1228 847 1375 877 orator.
1423 835 1560 878 Turio.

127 899 232 941 Flor.
252 905 412 941 oratori.
517 904 722 956 acciperet.
772 901 909 942 Turio.
933 907 1122 957 accipere.

236 974 269 1022 §.
300 971 362 1010 44.
421 972 507 1010 sim.
531 969 578 1008 de
598 972 693 1023 ipsa.
744 968 869 1009 Amb.
893 976 927 1010 1.
946 986 1103 1025 quoque
1124 977 1230 1010 sle-x
1254 974 1351 1026 ipsa.
1401 971 1507 1013 Flor.
1531 989 1566 1013 a.

129 1052 189 1090 pr.
212 1053 268 1078 m.
289 1054 321 1077 s.
341 1048 375 1075 et
395 1040 439 1086 i„
469 1053 491 1076 a
509 1053 585 1077 sec.
606 1052 659 1075 m.
684 1051 775 1076 cum
792 1036 914 1078 Amb.
934 1044 972 1078 2.
1004 1047 1049 1079 ut
1074 1039 1208 1080 editio.
1289 1044 1561 1095 pronunciant.

132 1103 263 1145 Guelf.
292 1104 416 1147 Amb.
439 1111 477 1146 2.
510 1102 630 1146 Goth.
650 1102 769 1145 Bern.
792 1108 1021 1146 renuntiant.

682 1227 714 1269 C
748 1242 776 1268 A
806 1244 844 1270 r.
903 1226 1021 1269 XII.

246 1309 282 1360 §.
313 1313 350 1349 1.
407 1307 470 1348 vel
488 1308 536 1347 ab
556 1310 617 1347 iis.
671 1306 810 1361 Camp.
833 1323 911 1348 om.
933 1309 995 1349 ab.
1078 1320 1272 1364 percepta.
1323 1309 1430 1350 Jens.
1451 1309 1569 1350 Tarv.

133 1374 232 1415 Loc.
258 1375 357 1416 Ald.
379 1387 603 1431 praecepta.
686 1375 785 1415 Nec.
831 1374 957 1417 Amb.
982 1381 1019 1418 1.
1049 1375 1184 1417 Turio.
1213 1376 1350 1418 Guelf.
1381 1376 1505 1416 Amb.
1529 1385 1569 1418 2.

134 1441 275 1495 Camp.
297 1460 423 1497 neque.
507 1442 777 1482 abhorrebunt.
823 1442 949 1483 Amb.
976 1448 1013 1484 1.
1045 1442 1180 1483 Turio.
1203 1444 1318 1484 Alm.
1350 1443 1572 1485 horrebunt.

219 1510 347 1550 mend.
372 1510 443 1549 his.
492 1508 599 1549 Flor.
626 1508 764 1563 Camp.
786 1510 913 1562 Obr.,
954 1520 993 1551 et
1018 1513 1103 1551 sine
1134 1513 1256 1553 dubio
1288 1510 1417 1552 Amb.
1448 1516 1486 1552 1.
1518 1524 1570 1552 ur.

135 1580 201 1617 eis.
255 1575 377 1618 Goth.
397 1576 523 1618 Amb.
546 1584 584 1618 2.
609 1581 660 1616 ut.
681 1581 749 1618 eis.
796 1576 930 1618 Guelf.
951 1594 1030 1619 om.
1052 1579 1130 1619 his.

247 1646 284 1696 §.
316 1651 356 1685 2.
413 1645 710 1698 Argumentum.
768 1644 905 1685 Tul-ic.
936 1644 1048 1686 Alm.
1081 1645 1220 1700 Cfflnp.
1250 1658 1574 1700 argumentorum.

220 1712 450 1769 confessum.
501 1711 640 1766 Camp.
665 1728 901 1751 consensum.

250 1781 289 1830 §.
322 1785 361 1819 3.
420 1796 535 1833 quam
558 1796 668 1834 quae.
711 1778 843 1818 Turio.
862 1778 991 1830 Flor.‚
1042 1788 1210 1834 uterque
1231 1795 1253 1819 a
1275 1797 1335 1834 pr.
1358 1797 1440 1834 1n.,
1469 1780 1575 1822 Alm.

140 1863 388 1901 quamquam.
436 1845 562 1886 Amb.
602 1851 640 1886 2.
665 1861 866 1900 quamque.
983 1864 1009 1886 a
1038 1857 1086 1886 ie.
1137 1846 1272 1888 Turio.
1306 1847 1444 1902 Camp.
1475 1861 1574 1890 ante.

142 1916 360 1953 commissa.
408 1912 515 1953 Jens.
546 1922 585 1952 et
615 1912 705 1952 edd.
739 1922 829 1952 aute
863 1914 971 1953 Sich.
992 1913 1129 1970 facta.
1247 1926 1443 1954 cruentam
1461 1920 1573 1958 enim.

141 1981 246 2021 Flor.
275 1995 297 2020 a
315 1996 375 2034 pr.
396 1996 450 2019 ln.
483 1991 672 2019 eruentem.
695 1997 749 2028 e.‚
781 1996 873 2020 cum
889 1981 1015 2020 Amb.
1037 1987 1099 2030 2.,
1129 1983 1196 2021 sed
1218 1986 1359 2022 omisso
1380 1986 1493 2024 enim.

129 2048 302 2106 fatetur·
353 2047 489 2088 Turio.
522 2063 545 2086 a
576 2063 634 2101 pr.
668 2036 938 2105 1h.fittc1111cr.
1025 2065 1139 2103 quam
1158 2052 1206 2089 si.
1250 2048 1362 2090 Alm.
1385 2050 1513 2092 Amb.
1535 2059 1577 2093 2.

143 2119 267 2170 quasi.
353 2114 560 2155 cardinem.
605 2114 732 2154 Amb.
757 2121 796 2155 2.
826 2115 1010 2155 ordinem.
1097 2117 1260 2157 videtur.
1310 2116 1449 2173 Calnp.
1470 2120 1579 2159 vide-

146 2195 262 2223 J'Clur-
357 2181 606 2236 (lespCP'aSSCto
654 2181 790 2222 Turic-
815 2181 1048 2237 (lesperal'eto

259 2251 296 2300 §.
327 2251 365 2289 4.
425 2248 599 2302 singulis.
649 2248 784 2290 Turio.
807 2266 829 2290 a
849 2267 927 2291 sec.
952 2267 1006 2291 m.
1031 2250 1149 2291 Bodl.
1170 2250 1261 2292 Bal.
1282 2255 1417 2306 signis.
1517 2258 1578 2295 in-

146 2317 338 2357 standum.
384 2316 474 2357 Bal,
494 2316 686 2356 standum.
790 2329 951 2372 oportet.
999 2317 1124 2359 Amb.
1147 2325 1187 2359 2.
1217 2331 1358 2374 portet.
1460 2325 1580 2364 imbe-

149 2385 255 2425 cilla.
313 2383 436 2424 Amb.
471 2389 508 2424 1.
545 2384 778 2434 imbecillia,
841 2402 910 2439 pro
959 2402 984 2425 α
1029 2388 1232 2439 legebatur
1263 2403 1313 2428 σε.
1432 2403 1576 2434 mutuo.

150 2450 272 2493 Goth.
295 2455 428 2492 nimio.
533 2454 670 2491 sustin.
717 2450 855 2506 Camp.
872 2454 1032 2494 substin·

262 2520 298 2570 §.
332 2522 371 2559 5.
429 2518 566 2573 Itaque
594 2521 630 2557 si
658 2535 745 2560 non.
791 2519 915 2561 Amb.
947 2528 985 2562 2.
1014 2520 1137 2561 Bern.
1166 2520 1284 2562 Voss.
1317 2529 1355 2564 1.
1387 2530 1426 2565 3.
1460 2530 1577 2569 etiam

151 2589 277 2640 itaque
304 2602 391 2626 non.
479 2589 584 2640 quia.
634 2584 766 2628 Guelf.
788 2586 910 2629 Amb.
931 2595 968 2629 2.
993 2587 1115 2629 Bern.
1140 2605 1232 2643 qua.
1314 2608 1457 2644 magna
1477 2607 1578 2637 smzt.

151 2648 219 2694 Si'o
239 2655 357 2693 etiam
375 2652 465 2695 Par.
489 2660 527 2695 1.
549 2661 587 2696 2.
645 2654 725 2697 Sed
743 2655 867 2697 Amb.
894 2662 929 2696 1.
952 2655 1088 2696 Turio.
1111 2671 1134 2695 a
1154 2671 1214 2710 pr.
1237 2673 1291 2698 m.
1312 2657 1430 2700 Flor.
1452 2660 1576 2705 Amb.

154 2727 194 2762 2.
224 2720 346 2762 Bern.
377 2738 518 2776 magna
537 2726 625 2763 sint.
741 2727 834 2779 quia
854 2723 976 2763 multa
998 2733 1108 2775 sunt,
1152 2741 1250 2778 quae
1271 2725 1336 2766 ad.
1383 2725 1506 2769 Amb.
1543 2737 1577 2771 1.
