1775 3091
846 225 863 233 r

363 229 417 270 acl
446 228 616 284 Quintil.
646 227 780 268 Instit.
816 227 871 277 l',
907 232 970 268 10.
1011 230 1337 280 §.115-125,
1492 238 1573 274 273

126 358 277 383 novum.
341 341 481 397 Camp.
511 359 599 383 nov.
640 340 734 382 null.
788 339 914 382 Amb.
950 347 984 381 1.
1024 339 1148 384 Goth.
1184 357 1351 396 sequens
1388 353 1424 383 et
1449 348 1568 386 omit-

127 420 230 451 tunt.
336 411 438 466 quod
466 428 541 451 non
568 414 619 451 sit
642 410 736 450 dict.
794 409 883 448 Hoc
914 410 1053 449 ordine
1080 413 1204 450 etiam
1229 409 1340 452 Flor.

241 481 275 530 §.
309 484 400 521 121.
457 479 531 519 his.
581 477 649 518 Sic
666 479 786 516 etiam
806 476 932 516 Amb.
956 483 995 525 1,
1016 483 1053 518 2.
1075 477 1186 518 Sich.
1275 478 1400 520 nohis.
1438 478 1564 520 Amb.

126 552 165 587 1.
187 563 275 587 ηοη.
358 558 413 585 cst
432 546 529 587 ἄσιν.
569 545 658 584 Ηοο
680 545 818 584 ordine
839 547 959 583 etiam
986 544 1110 585 Amb.
1137 552 1174 587 1.
1199 551 1238 587 2.
1268 545 1392 599 Flor.,
1427 545 1562 589 Guelf.

124 631 158 654 c.
179 614 424 654 detrectatus.
540 613 648 652 ,Nam
667 628 775 667 quae.
825 610 953 652 Amb.
981 619 1015 653 1.
1051 617 1121 653 etsi
1151 631 1324 669 namque.
1372 613 1499 656 Amb.
1521 610 1582 656 2(

124 678 265 734 Camp.
287 697 459 736 namque.
546 691 580 719 et
601 697 676 720 non
697 690 797 720 sunt.
844 678 970 720 Amb.
988 686 1025 720 1.
1049 693 1088 719 at
1112 699 1147 722 n.
1170 699 1201 722 s.
1290 693 1393 721 nota.
1432 681 1560 723 Amb.

125 754 161 788 1.
193 760 351 800 notant,
394 765 418 790 a
445 764 524 789 sec.
555 764 613 788 m.
644 747 831 788 notanda.
880 747 990 789 Flor.
1025 758 1064 788 et
1096 750 1184 789 edd.
1214 765 1236 788 a
1259 749 1366 790 Jens.
1397 751 1447 789 ad
1464 750 1562 790 Ald.

121 827 215 855 nota
245 827 344 856 sunt.
403 816 530 857 Amb.
561 822 601 856 2.
634 825 755 855 notat.
868 819 996 868 magis
1029 816 1116 857 hoc.
1182 817 1308 858 Amb.
1344 820 1382 857 1.
1422 810 1563 871 fflagreo

120 883 229 924 haec.
322 884 573 939 palaestram.
623 881 747 922 Goth.
777 882 992 936 palaestra.
1052 884 1179 926 Amb.
1215 891 1252 925 1.
1282 885 1563 940 plzalaeslram.

204 954 294 991 nisi.
339 951 464 991 Amb.
488 957 525 991 1.
558 954 611 989 ni.
718 952 895 1004 juvatur.
940 950 1007 991 Sic
1031 955 1153 992 etiam
1171 951 1298 993 Amb.
1325 959 1361 993 1.
1384 959 1424 993 2.
1454 952 1562 993 Flor.

119 1018 208 1058 I‘ar.
234 1024 270 1058 1.
296 1026 337 1060 2.
359 1024 397 1059 3.
507 1017 740 1075 profuerint,
787 1017 895 1058 Flor.
920 1019 1166 1075 profiter-unt.
1217 1019 1347 1062 Amb.
1368 1027 1408 1061 2.
1440 1020 1563 1061 Bern.

115 1086 323 1144 profuerit.
1285 1102 1294 1109 ’

232 1156 268 1205 §.
303 1160 394 1195 122.
453 1169 561 1195 caus.
589 1170 698 1208 quae.
746 1151 817 1193 Sio
850 1155 972 1193 etiam
998 1153 1108 1195 Flor.
1218 1157 1402 1209 reperiri:
1434 1171 1560 1208 neque.

118 1220 255 1261 Turic.
281 1224 400 1262 inser.
422 1224 469 1262 si.
560 1237 646 1260 cum
668 1236 828 1275 propos,
878 1220 1015 1261 Turio.
1039 1236 1061 1260 a
1080 1237 1139 1274 pr.
1166 1237 1222 1262 m.
1251 1222 1359 1262 Flor.
1391 1234 1470 1262 tum
1493 1240 1558 1277 pr.

201 1290 428 1330 scrutanda.
475 1288 602 1331 Amb.
625 1294 665 1328 2.
689 1303 770 1327 om.
857 1291 1043 1327 ostiatim.
1093 1287 1216 1330 Goth.
1240 1288 1379 1343 Camp.
1407 1300 1447 1331 et
1466 1290 1558 1336 edd.

120 1366 212 1395 ante
243 1356 345 1397 Bad.
377 1358 590 1397 hostiatim.
651 1355 884 1409 [Pulsanda
909 1359 1031 1409 igitur
1057 1359 1177 1396 etiam
1196 1358 1240 1395 hi
1261 1358 1438 1405 codices,
1475 1372 1561 1396 non

112 1424 367 1478 pulsandum,
403 1426 510 1479 quod
529 1427 709 1464 voluerat
726 1421 916 1462 Francius
929 1454 939 1473 ‚
983 1433 1022 1463 et
1040 1433 1169 1476 potest
1188 1427 1380 1477 explicari
1406 1433 1452 1464 ut
1476 1427 1561 1462 sin-

111 1491 208 1544 gula
228 1492 487 1532 subaudiatur
498 1522 510 1541 ,
542 1492 655 1545 quasi
676 1491 782 1528 dicas
802 1489 959 1542 singula
978 1492 1163 1530 tentanda
1181 1495 1265 1530 sive
1283 1490 1561 1545 excutienda]

197 1576 248 1598 an
269 1559 322 1598 ad
339 1559 452 1614 prob.
504 1558 614 1600 Jeus.
637 1565 677 1596 et
702 1555 793 1596 edd.
812 1566 905 1596 ante
927 1556 1027 1598 ΑΜ.
1050 1562 1179 1600 omitt.
1200 1558 1267 1600 acl.
1361 1561 1439 1598 nisi
1457 1575 1561 1602 cnm.

110 1625 239 1667 Alnb.
263 1632 299 1667 1.
332 1629 372 1666 7ιί
398 1627 512 1678 (lum,
560 1641 583 1665 a
602 1640 679 1665 sec.
700 1640 755 1664 m.
776 1640 826 1663 ne
843 1624 946 1664 (lum.

223 1698 260 1747 §.
289 1699 382 1735 123.
434 1694 651 1749 Itgfinitam.
700 1692 840 1745 Camp.
859 1695 899 1730 in
933 1695 1066 1732 mitum.
1140 1693 1297 1751 faciat.
1345 1692 1415 1734 Sic
1435 1696 1557 1734 etiam

110 1760 218 1802 Flor.
237 1761 362 1802 Amb.
380 1768 420 1802 2.
448 1760 537 1801 Par.
561 1766 599 1800 1.
714 1759 882 1798 dicendi.
929 1759 1036 1799 Flor.
1075 1757 1199 1799 Δῃὼ.
1230 1767 1269 1800 2.
1302 1776 1460 1815 quoque
1493 1762 1558 1801 di-

111 1828 252 1868 scendi.
348 1844 496 1867 necesse
515 1830 579 1867 sit.
632 1829 769 1867 Guelf.
792 1843 873 1867 nec.
896 1837 963 1867 est.
1016 1824 1137 1867 Goth.
1155 1826 1266 1868 Jens.
1290 1837 1327 1867 et
1349 1829 1438 1868 edd.
1463 1838 1555 1870 aute

113 1894 269 1949 Gryph.
301 1898 353 1934 sit
380 1912 459 1935 nec.
505 1906 509 1911 “
571 1905 614 1933 ut
648 1904 847 1935 tentantes.
913 1894 1054 1948 Camp.
1085 1903 1120 1932 et
1141 1905 1315 1934 temtant.
1363 1894 1488 1936 Amb.
1512 1903 1551 1937 2.

109 1962 218 2003 Jens.
249 1961 349 2003 Loc.
379 1962 489 2004 Y-en.
521 1971 563 2000 ut
593 1971 831 2016 temptantes.
936 1960 1242 2016 unumquodque.
1291 1960 1430 2016 Camp.
1450 1966 1554 2003 mira

109 2030 226 2084 quod.
278 2029 411 2070 Guelf.
434 2028 725 2083 unumquidque.
826 2039 950 2083 atquc.
1002 2028 1141 2082 Camp.
1162 2045 1223 2069 ac.
1312 2032 1550 2072 conveniens.

107 2096 229 2138 Amb.
254 2102 290 2137 1.
314 2104 352 2138 2.
377 2097 508 2137 Turio.
526 2087 635 2136 Flor.·
655 2096 767 2136 Alm.
792 2095 932 2150 Camp.
954 2095 1073 2136 Voss.
1100 2101 1137 2137 1.
1163 2102 1202 2137 3.
1227 2100 1466 2137 conveniant.

109 2181 161 2203 an
178 2168 307 2205 etiam.
358 2163 497 2218 Camp.
521 2181 552 2205 e.
577 2179 615 2211 a.
720 2164 919 2218 quaedam.
969 2162 1110 2217 Camp.
1132 2164 1314 2219 quadam.
1428 2175 1550 2206 recta.

109 2230 242 2272 Guelf.
271 2248 348 2272 0111.

219 2300 256 2351 §.
290 2301 383 2340 124.
443 2299 714 2354 demensisque.
768 2296 834 2339 Sio
862 2303 981 2339 etiam
1005 2298 1110 2338 Flor.
1133 2296 1224 2339 Par.
1252 2303 1287 2339 1.
1304 2304 1344 2339 2.
1429 2299 1546 2353 quod.

107 2364 247 2419 Camp.
273 2368 624 2422 fortassegquoque,
675 2376 715 2406 et
745 2367 888 2406 deinde
907 2365 1079 2420 simplex·
1102 2368 1159 2404 bis
1179 2370 1306 2419 ponit.
1361 2364 1488 2406 Amb.
1510 2372 1547 2407 2.

107 2436 229 2473 etiam
258 2450 343 2488 quo.
458 2445 604 2489 aptata.
658 2433 792 2475 Guelf.
823 2434 948 2475 Amb.
970 2439 1010 2475 2.
1043 2442 1083 2472 et
1108 2434 1201 2472 edd.
1224 2448 1338 2472 meae
1359 2449 1496 2472 omues
1523 2449 1548 2473 a

104 2500 213 2541 Jens.
247 2502 298 2541 ad
327 2499 492 2542 Chouet.
522 2512 672 2556 aptata.
786 2501 960 2541 citharae
995 2499 1124 2540 modo·
1175 2499 1314 2541 Turic.
1349 2516 1369 2540 a
1389 2517 1465 2541 sec.
1487 2516 1543 2542 m.

105 2566 244 2621 Camp.
266 2567 480 2609 citharcclo.
571 2567 733 2623 quidem.
781 2565 913 2609 Guelf.
935 2567 1108 2624 quidam.

218 2637 255 2686 §.
280 2641 374 2678 125.
432 2636 519 2677 hoc.
566 2636 704 2690 Camp.>
725 2635 832 2677 haec.
920 2645 1101 2691 spectent.
1147 2632 1273 2673 Amb.
1300 2639 1336 2674 1.
1356 2645 1542 2688 specmnt.

185 2703 416 2760 mediosque.
467 2703 594 2747 Amb.
619 2709 655 2745 1.
681 2703 842 2745 medios.
934 2705 1208 2757 cognitionem.
1256 2701 1365 2742 Jens.
1389 2705 1543 2756 cogita-

152 2782 249 2818 Tom.
277 2783 320 2822 V.
1042 2769 1072 2810 S
