1775 3091
416 193 469 233 (ui
501 194 663 247 Quintil.
696 192 824 234 Iustis.
860 193 946 243 Vs,
981 199 1018 238 3.
1053 196 1089 245 ξ.
1123 198 1321 236 75-81,
1513 204 1598 241 33»

255 309 291 361 §.
324 313 392 349 78.
452 309 736 364 objurgaretur.
776 307 914 350 Turio.
936 308 1193 363 objugarelur.
1278 308 1329 349 L.
1355 308 1470 352 ῙάιὉ
1493 311 1592 366 Epi.

143 390 271 416 cureo.
322 374 445 417 Amb.
471 382 507 417 1.
537 377 589 418 L.
622 393 734 417 rar-eo
763 395 822 432 ep.
878 376 993 417 Sich.
1023 379 1144 416 etiam
1173 376 1223 415 L.
1250 375 1365 416 Varo
1389 378 1436 418 E.
1496 378 1591 432 [Ad

141 441 365 497 Spaldingii
407 453 545 484 notam
585 454 739 498 exeget.
782 447 833 484 cf.
868 447 949 494 ejus
981 446 1145 497 praefat.
1177 443 1274 485 Vol.
1313 443 1353 484 Π
1383 445 1589 499 pag.VH.

143 507 206 548 De
224 507 449 564 Asprenate
470 515 650 552 veneficii
669 528 735 551 reo
758 513 866 550 idem
885 510 1024 564 Spald.
1048 514 1218 551 conferri
1236 515 1346 564 jussit
1368 509 1471 554 Plin.
1493 515 1587 555 hist.

139 585 221 616 nat.
254 583 320 629 35,
358 585 408 620 12
440 579 564 630 extu]
651 578 860 635 fecissent.
907 577 1047 632 Camp.
1080 582 1170 619 sint.
1266 579 1587 635 chcrcuticmli.

137 642 244 684 Flor.
267 647 542 699 repet-cnicndi.
632 648 953 685 venustissimum.
1001 645 1110 687 Flor.
1132 650 1434 698 notatissimum,
1466 665 1488 689 a
1510 666 1588 690 sec.

136 725 192 750 m.
216 714 310 752 fem.
396 714 662 754 similitudine.
711 713 848 754 Turio.
874 728 895 752 a
913 729 974 767 pr.
995 729 1051 754 ln.
1082 715 1385 756 similitudinem.
1478 718 1591 757 Tra-

136 778 284 821 chalus.
324 780 449 822 Amb.
473 788 510 822 1.
533 783 791 822 trachalaius.
829 781 938 821 Flor.
967 784 1089 821 etiam
1110 783 1385 825 trachallatus.
1475 785 1593 825 Suel-

137 845 207 886 lio.
258 847 382 889 Amb.
410 856 446 890 1.
467 854 587 890 etiam
612 851 751 891 sudio.
848 849 963 888 redis.
1011 848 1079 888 Sic
1101 853 1222 889 etiam
1244 851 1356 893 Sich.

248 915 329 969 [Iu
350 920 436 968 joco
458 921 696 972 explicando
725 922 807 972 ipse
829 920 904 958 sibi
924 917 1186 971 Spaldingius
1207 922 1407 960 immerito
1432 922 1591 961 videtur

136 986 387 1025 calumniari.
446 986 673 1026 Praesentia
692 988 725 1026 is
748 996 786 1026 et
810 985 912 1024 redis
933 1000 1004 1038 pro
1020 984 1181 1025 Futuris
1198 996 1292 1026 sunt
1311 989 1590 1042 intelligenda,

137 1049 196 1098 de,
216 1066 293 1104 qua
325 1069 366 1091 re
401 1055 581 1093 dubitare
605 1069 725 1094 nemo
759 1056 904 1108 poterit
932 1055 1247 1108 qui'contulerit
1276 1070 1378 1109 quae
1398 1053 1592 1096 Draken-

135 1119 270 1158 borch.
292 1121 341 1159 ad
353 1118 444 1161 Liv.
459 1126 496 1169 3,
516 1127 567 1162 56
588 1132 626 1161 et
647 1120 803 1162 Curtius
832 1121 885 1160 ad
905 1119 1202 1162 Sallust.'Catil.
1223 1126 1271 1162 51
1297 1138 1358 1162 nr.
1381 1128 1435 1164 26
1460 1139 1591 1163 anno-

135 1193 332 1227 taverunt.
401 1187 554 1230 Suilius
591 1193 713 1244 igitur
743 1190 868 1230 semel
903 1191 986 1239 jam
1018 1191 1060 1227 in
1102 1191 1224 1229 exilio
1260 1191 1380 1229 fuisse
1422 1205 1592 1230 censen-

134 1253 206 1293 dus
238 1255 342 1307 est.]

249 1323 281 1374 §·
307 1328 373 1365 79.
422 1324 662 1380 Proculcjus.
702 1324 827 1366 Amb.
854 1330 889 1364 1.
915 1339 1074 1380 quoque
1092 1323 1329 1379 productius,
1413 1335 1448 1364 ci
1471 1325 1587 1367 ridie.

137 1387 273 1443 camp.
294 1395 440 1432 omittit
461 1404 509 1434 ct.
610 1394 735 1434 clivus.
778 1393 916 1446 Camp.
937 1393 992 1431 D.
1091 1394 1138 1431 ei.
1187 1391 1296 1432 Flor.
1319 1394 1411 1440 cius,
1501 1393 1591 1434 Do-

133 1456 292 1498 labella.
343 1458 484 1514 Camp.
514 1461 739 1501 Dolobella.
855 1471 997 1500 tamen.
1057 1456 1182 1499 Goth.
1210 1458 1329 1500 ἶτοεε.
1362 1465 1402 1500 2.
1445 1459 1588 1514 Camp-

132 1540 304 1565 causamn

242 1598 279 1647 §.
310 1599 378 1636 80.
438 1600 519 1651 inq,
547 1608 594 1638 tc.
636 1596 703 1638 Sic
725 1599 848 1637 etiam
875 1595 983 1636 Flor.
1043 1597 1124 1650 inq.
1150 1605 1220 1635 ier.
1251 1592 1377 1636 Amb.
1405 1599 1442 1636 1.
1506 1594 1587 1650 [In

131 1678 229 1703 voce
265 1665 390 1703 civica
421 1668 535 1705 nulla
563 1668 779 1718 scripturae
813 1665 1017 1702 diversitas
1045 1677 1098 1702 ex
1124 1662 1156 1702 F
1160 1666 1230 1701 lor.
1262 1671 1301 1701 et
1314 1661 1441 1702 Amb.
1466 1673 1588 1703 nota-

131 1739 219 1781 tur3
258 1733 291 1769 si
320 1732 419 1785 quid
451 1733 751 1771 emendandum
780 1734 853 1781 sit,
902 1733 1044 1768 malim
1075 1729 1242 1783 pedica,
1292 1738 1338 1768 ut
1362 1733 1512 1784 torquis
1543 1734 1587 1771 in

133 1800 234 1836 collo
273 1799 438 1851 pedicae
489 1803 531 1838 iu
579 1800 746 1852 pedibus
797 1797 1048 1850 respondeat.
1125 1796 1208 1836 Sed
1252 1799 1368 1835 nulla
1418 1801 1586 1838 omnino

133 1868 376 1904 correctione
435 1881 532 1920 opus
589 1868 768 1917 videtur3
828 1866 971 1905 ludens
1032 1864 1143 1902 aliud
1197 1878 1323 1916 genus
1383 1864 1587 1904 honorum

132 1934 370 1971 militarium
407 1937 534 1985 majus
576 1937 697 1974 etiam
729 1943 767 1973 et
796 1934 1056 1973 excellentius
1086 1930 1293 1984 Augustus
1322 1931 1585 1986 nominavit]

220 1998 361 2040 Galba.
421 2000 547 2042 Aan.
581 2007 618 2042 1.
659 2001 765 2042 Flor.
805 2000 938 2040 Galla.
1055 2001 1280 2039 victoriato.
1338 1999 1446 2040 Flor.
1461 2003 1584 2040 etiam

133 2082 155 2106 a
180 2083 239 2122 pr.
263 2084 319 2109 m.
350 2071 518 2109 victoria
546 2069 608 2117 id,
649 2085 671 2109 a
699 2085 776 2110 sec.
808 2084 862 2109 m.
893 2070 1068 2108 victoria
1100 2083 1137 2106 a.
1252 2065 1408 2108 Sicilia.
1458 2065 1581 2110 Amb.

133 2141 172 2176 1.
211 2134 351 2191 Camp.
379 2136 574 2178 Siciliam.
689 2137 819 2192 pedes.
876 2135 1011 2178 Guelf.
1041 2134 1196 2189 pedum.
1308 2134 1375 2173 ibi.
1443 2133 1581 2176 Guelf.

132 2205 215 2244 tibi.
326 2215 368 2243 ut
395 2207 462 2245 iis.
510 2204 634 2245 Amb.
669 2210 706 2245 1.
738 2216 779 2244 ut
803 2207 858 2254 is,
898 2220 920 2244 a
940 2219 1018 2244 sec.
1041 2218 1098 2243 m.
1129 2200 1265 2243 Guelf.
1295 2201 1405 2242 Jens.
1432 2211 1471 2242 et
1490 2203 1582 2244 edd.

131 2282 223 2312 ante
244 2271 399 2324 colim,
438 2288 548 2313 exce.
569 2273 670 2314 Bad.
695 2272 848 2314 Cervic.
879 2283 919 2311 ut
948 2272 1018 2310 his.
1132 2280 1307 2310 utantur.
1354 2268 1462 2309 Flor.
1492 2269 1583 2310 Par.

134 2345 171 2380 1.
194 2346 234 2380 2.
255 2343 374 2380 etiam
396 2343 623 2393 cingantur,
654 2343 753 2380 item
771 2340 912 2389 Amb„
941 2342 1090 2395 quippe
1109 2338 1215 2376 nihil
1235 2339 1283 2376 ab
1306 2336 1583 2377 Obrechtlana

131 2410 325 2461 scriptura
346 2409 547 2447 dlversum
568 2417 743 2449 notatur.
786 2407 902 2461 Quae
923 2423 993 2448 cur
1012 2405 1288 2460 postponenda
1306 2407 1357 2445 sit
1376 2407 1581 2456 conjectu-

130 2491 197 2515 rae
218 2473 419 2528 Regianae
439 2491 523 2515 non
542 2491 638 2515 sane
657 2479 853 2530 intelligo.

243 2544 279 2595 §.
311 2548 377 2583 81.
437 2541 606 2583 Claudii.
659 2542 796 2584 Turio.
818 2559 840 2583 a
860 2559 919 2598 pr.
939 2557 995 2582 m.
1022 2539 1179 2582 Claudi.
1273 2537 1446 2594 quidam.
1492 2536 1582 2577 Tu-

130 2614 201 2652 rIc.
231 2610 392 2666 quidem.
515 2613 635 2664 cujus.
699 2611 802 2653 Flor.
831 2627 991 2667 quoque
1021 2611 1176 2650 civium.
1295 2604 1578 2646 exclamasset.

130 2677 219 2721 Par.
241 2683 280 2720 1.
302 2684 342 2720 2.
373 2677 485 2720 Sich.
509 2680 629 2718 etiam
651 2679 898 2721 exclamasse
904 2679 1061 2737 fertur.
1177 2673 1350 2715 liberto-⁹·
1399 2671 1535 2712 Turic·
1556 2682 1580 2709 8

1022 2743 1119 2785 Y2
