1775 3091
157 253 237 289 296
611 246 882 305 Supplemenia
910 249 1171 288 annotationis

162 375 186 399 a
207 375 283 400 sec.
312 375 364 400 m.
392 360 692 411 Demosthenen,
736 376 758 400 a
786 376 845 414 pr.
879 375 932 401 m.
964 360 1188 401 Demostine
1218 377 1304 401 non.
1415 362 1598 416 queritur.

160 427 297 468 Turio.
332 443 354 467 a
382 444 458 468 sec.
487 444 540 467 m.
575 430 784 482 quaeritur.
896 445 953 470 ne.
999 426 1105 468 Flor.
1137 444 1217 468 nec.
1332 440 1416 467 neu.
1466 426 1599 470 Guelf.

162 494 286 535 Basil.
305 510 428 547 marg.
451 511 495 533 ne
512 495 566 533 hi.
655 506 878 536 nascuntur.
932 495 1067 548 Camp.
1089 505 1313 536 nascantur.
1399 495 1501 550 quod
1519 495 1598 536 υοῖ.

163 561 231 602 Sic
261 566 381 601 etiam
405 561 509 603 Flor.
536 564 657 602 Amb.
679 568 719 603 2.
751 561 842 603 Par.
869 569 906 603 1.
929 569 968 604 2.
992 567 1031 603 3.
1065 561 1187 614 Obr.‚
1245 571 1284 603 et
1310 567 1451 617 procul
1478 564 1600 603 dubio

162 632 282 669 Amb.
306 635 341 669 1.
445 626 680 670 (lucentibus.
724 628 856 670 Guelf.
882 629 1021 684 Steph.
1040 632 1187 684 Roign.
1208 630 1437 671 dicentibus.
1536 630 1604 671 ille

163 699 258 736 inni.
306 695 372 736 Sic
397 698 516 735 etiam
535 695 641 736 Flor.
669 699 789 738 Amb.
812 705 851 739 2.
911 699 1021 737 nobis
1039 701 1135 737 inut.
1164 713 1324 753 quoque
1350 698 1459 739 Sich.

280 764 316 813 §.
347 764 416 803 43.
474 763 658 804 Accium.
706 764 814 805 Flor.
845 768 963 806 Amb.
981 771 1019 806 2.
1045 768 1166 804 etiam
1188 765 1364 806 Actium.
1458 776 1603 819 ageret.

165 828 302 883 Camp.
323 842 471 884 agerat.
575 843 670 871 esset
689 856 746 863 —
764 833 878 873 hanc.
926 835 1049 876 Amb.
1069 839 1110 873 2.
1133 846 1291 887 quoque
1312 835 1458 873 omittit
1479 835 1606 872 inter·-

164 900 278 948 jecta.
364 898 466 954 quod
484 899 582 939 illic.
635 899 773 953 Camp.
798 902 909 954 quii.
1004 900 1233 939 dicerentur.
1285 898 1421 953 Camp.
1447 900 1603 939 diceret.

248 981 346 1019 quae
366 969 457 1020 ipse.
494 970 616 1007 Amb.
641 972 675 1007 1.
696 970 813 1008 inser.
836 978 885 1007 et.
970 968 1064 1007 dict.
1085 966 1173 1007 ατῖυ.
1195 984 1267 1007 ess,
1309 965 1431 1008 Goth.
1452 967 1491 1008 d.
1513 984 1545 1007 e.
1566 979 1605 1007 α.

165 1030 275 1072 Jens.
300 1043 339 1073 et
360 1035 448 1074 edd.
473 1045 562 1074 ame
585 1033 739 1089 Gryph.
764 1052 795 1076 e.
821 1034 859 1075 cl.
881 1052 918 1075 α.
1006 1035 1133 1075 vellet.
1172 1034 1308 1075 Turio.
1334 1034 1468 1087 Flor.,
1501 1044 1608 1075 uter-

167 1112 244 1153 que
273 1115 295 1139 a
315 1117 373 1154 pr.
397 1117 470 1154 m.,
497 1102 648 1143 vellent.

277 1170 314 1220 §.
345 1170 412 1210 44.
473 1170 549 1209 rid.
572 1182 641 1210 est.
686 1172 806 1211 Amb.
831 1176 867 1210 1.
894 1169 969 1210 rid.
988 1171 1061 1210 sni.
1163 1171 1302 1224 possit.
1349 1168 1487 1224 Camp.
1514 1186 1609 1224 pos-

167 1244 236 1274 set.
327 1236 432 1277 lczucl.
457 1237 597 1292 discip.
654 1236 789 1279 Guelf.
813 1236 937 1278 Goth.
963 1239 1144 1278 ordinem
1171 1245 1345 1278 mutant.
1450 1238 1609 1277 diversa

166 1324 224 1333 —-
240 1315 367 1356 parte.
419 1302 552 1346 Guelf.
578 1309 725 1345 omittit
748 1309 963 1357 interjecta.

279 1376 316 1423 §.
346 1374 414 1413 45.
475 1373 594 1412 aliud.
652 1373 718 1412 Sic
746 1377 866 1412 etiam
897 1372 1023 1413 Amb.
1050 1378 1086 1413 1.
1109 1375 1148 1414 2.
1176 1372 1284 1412 Flor.
1311 1371 1400 1412 Par.
1425 1375 1462 1412 1.
1482 1376 1523 1412 3.

169 1452 275 1477 raro.
325 1442 446 1479 Amb.
470 1445 507 1478 1.
528 1447 568 1478 2.
602 1438 709 1478 Flor.
741 1444 862 1479 etiam
888 1457 1034 1479 rarum.
1145 1457 1169 1479 a
1192 1443 1370 1494 petitore.
1417 1441 1539 1480 Amb.
1571 1444 1609 1479 1.

169 1506 390 1556 appetitore.
503 1507 823 1546 contradictione.
889 1504 1011 1545 Goth.
1046 1509 1206 1545 omittit,
1279 1505 1420 1559 Camp.
1454 1516 1613 1546 contra-

171 1569 290 1612 dicto.
380 1575 448 1627 qui
461 1589 566 1627 pos&
615 1576 732 1614 Amb.
760 1580 794 1615 1.
824 1573 931 1613 Flor.
955 1576 1074 1613 etiam
1100 1576 1291 1613 omittunt
1309 1575 1385 1627 qui.

284 1643 319 1691 §.
347 1641 415 1679 46.
476 1641 592 1681 lusus.
641 1640 776 1681 Guelf.
801 1640 918 1680 lusos.
1016 1656 1102 1680 cum
1121 1640 1251 1680 morlo.
1299 1642 1419 1681 Amb.
1446 1645 1484 1680 1.
1506 1656 1614 1681 com-

173 1705 301 1745 modo.
417 1724 532 1761 neque
561 1719 655 1748 tam.
706 1705 827 1748 Goth.
855 1716 895 1747 et
915 1707 1002 1746 edd.
1023 1715 1113 1746 ante
1132 1705 1285 1760 Gryph.
1305 1724 1373 1747 nec
1391 1718 1528 1749 iamen-

173 1771 361 1813 dicturos.
412 1773 545 1815 Guelf.
568 1776 753 1816 dicturus.
865 1774 1094 1815 admonitos.
1141 1772 1275 1814 Guelf.
1300 1773 1529 1815 admonitus.

174 1849 211 1877 et
232 1856 357 1892 agere.
415 1841 520 1883 Flor.
549 1858 570 1882 a
590 1860 650 1897 pr.
671 1859 726 1883 m.
752 1859 806 1882 ex·
825 1859 928 1896 gere.
1034 1843 1097 1883 iis.
1145 1839 1275 1882 Guelf.
1296 1840 1435 1896 Camp.
1461 1852 1499 1883 et
1521 1841 1615 1883 edd.

175 1912 266 1946 ante
293 1906 423 1948 Colin.
438 1940 449 1961 ,
481 1926 590 1951 exce.
612 1910 715 1951 Bad.
740 1920 779 1951 et
800 1910 970 1962 Cervic„
994 1910 1069 1949 his.
1152 1926 1311 1966 propos,
1348 1909 1481 1951 Guelf.
1499 1926 1618 1964 prae-

172 1990 258 2026 pos,
380 1989 514 2017 essent.
570 1977 703 2018 Guelf.
729 1988 850 2017 erunt.
993 1977 1066 2017 illa
1094 1980 1224 2020 sciret.
1285 1977 1423 2032 Camp.
1457 1977 1523 2017 ille
1557 1994 1613 2018 sc.

176 2040 286 2081 Jens.
308 2042 428 2084 Tarv.
462 2033 604 2084 coirent
633 2045 716 2086 illa.
763 2043 861 2085 Loc.
889 2049 1005 2085 sciret
1030 2045 1115 2085 illa.

290 2110 327 2162 ξ.
358 2113 426 2152 47.
485 2123 527 2151 ut
548 2129 636 2168 pro.
687 2111 820 2153 Guelf.
853 2115 970 2153 Amb.
992 2119 1030 2153 2.
1058 2128 1136 2153 om.
1157 2124 1210 2152 ut.
1261 2110 1380 2153 Amb'.
1409 2116 1445 2152 1.
1478 2110 1615 2154 Turic.

177 2175 283 2216 Flor.
305 2181 345 2217 in
361 2196 447 2233 quo.
539 2181 694 2229 Cicer-o,
727 2180 845 2219 Nam.
892 2179 999 2220 Flor.
1020 2195 1099 2220 om.
1131 2180 1253 2220 Nam.
1302 2181 1422 2220 Amb.
1446 2183 1482 2219 1.
1502 2182 1614 2221 Alm.

183 2243 416 2287 Ciceronem.
466 2247 601 2288 Turio.
629 2248 817 2288 Cicerone.
914 2247 1071 2286 dimisti.
1119 2248 1240 2288 Amb.
1264 2251 1302 2287 1.
1323 2253 1361 2287 2.
1390 2245 1498 2286 Flor.
1527 2246 1618 2289 Par.

184 2316 222 2352 1.
246 2314 386 2352 itidem
411 2314 516 2355 cliaei.
621 2315 838 2370 prodimur.
882 2318 1003 2355 Amb.
1025 2320 1064 2355 2.
1081 2314 1295 2369 prodimus.
1394 2323 1450 2353 est
1478 2317 1618 2356 nescio.

182 2377 288 2419 Flor.
321 2384 441 2421 etiam
470 2386 539 2421 iste
568 2401 606 2424 n.
718 2384 781 2422 iis.
832 2381 967 2423 Guelf.
990 2381 1126 2435 Camp.
1147 2381 1254 2422 Jens.
1284 2379 1357 2420 his.
1470 2384 1618 2421 amicos

185 2447 294 2485 nobis
325 2449 409 2488 arb.
468 2449 591 2490 Goth.
621 2450 741 2490 Tarv.
771 2453 890 2490 amic.
921 2467 1000 2489 esse
1028 2451 1113 2489 arb,
1143 2449 1264 2488 nobis.
1377 2446 1430 2488 αᾶ
1463 2448 1616 2488 advers.

187 2510 307 2554 Goth.
333 2531 412 2557 om,
435 2516 499 2556 acl.
586 2517 750 2574 deferat.
802 2519 922 2558 Amb.
945 2524 984 2558 2.
1008 2515 1130 2557 Goth.
1151 2519 1352 2556 omittunt,
1439 2515 1512 2554 lzoc
1532 2515 1617 2555 tibi.

187 2577 294 2620 Jens.
331 2593 368 2622 et
400 2585 489 2623 edd.
520 2594 610 2625 ante
639 2583 791 2639 Gryph.
824 2595 853 2623 1.
877 2585 913 2624 k.
1018 2586 1261 2624 renuntiavit.
1308 2585 1426 2625 Amb.
1449 2588 1489 2622 2.
1519 2597 1618 2619 nun-

189 2649 314 2687 tim-it.
431 2669 582 2692 renunc.
613 2655 710 2706 quis.
761 2651 865 2690 Flor.
895 2654 1012 2690 inser.
1042 2666 1197 2705 quoque
1220 2662 1274 2692 ui.
1388 2664 1457 2702 ego
1477 2657 1616 2688 aufem·

190 2711 297 2755 Jens.
326 2725 364 2757 et
397 2719 482 2758 edd·
503 2729 594 2760 ante
615 2719 743 2761 Stoer.
769 2720 948 2759 ordinem
969 2727 1139 2758 mutant.
