1775 3091
76 248 131 290 αιῑ
151 248 281 302 Quini.
299 245 397 288 Ῑηεὶ.
421 245 477 288 V.
500 247 568 288 Pr.
593 246 630 297 §.
653 251 795 288 3—5.
830 250 867 285 1.
888 245 925 295 §.
949 248 1087 284 1—3.
1116 249 1155 285 2.
1179 242 1373 294 §.1—3.
1432 249 1515 287 233

190 364 225 415 §.
255 367 294 405 3.
353 377 450 415 quac
471 371 536 400 aut
553 377 640 414 pro.
696 358 801 398 Flor.
824 357 914 399 Par.
936 361 974 399 5.
1008 359 1137 397 omitt.
1157 366 1249 410 aut,·
1285 355 1395 398 Jens.
1413 355 1514 400 Loc.

67 429 186 470 ·Ven.
218 433 355 469 insert.
377 438 464 482 post
489 428 574 478 his‚·
614 426 765 467 Cel-vic.
793 425 905 466 Sieh.
939 434 1030 465 ante
1063 423 1184 464 Basil.
1212 439 1371 480 quoque
1404 426 1515 467 dant.

78 496 168 538 Par.
191 503 227 537 1.
261 499 395 537 01m1ia
424 496 524 535 haec
558 504 598 534 et
626 509 792 549 sequens
827 494 886 533 his
918 495 1076 533 omittit.
1162 491 1222 531 his
1243 502 1324 532 aut.
1382 491 1514 534 Colin-

78 567 197 604 inser.
227 564 320 605 dici.
433 563 526 602 Non
558 565 670 602 enim.
739 560 862 602 Goth.
895 560 1002 601 Jeus.
1043 569 1083 600 et
1111 560 1201 612 edd.
1233 569 1324 600 ante
1358 558 1515 615 Gryph.

79 649 147 671 ιιι-ο
165 649 222 673 cn.
322 633 441 671 viam.
480 629 620 687 >Amb.
645 635 682 671 1.
706 635 744 670 2.
768 627 876 669 Flor.
897 628 986 670 Par.
1014 633 1050 668 1.
1074 634 1098 669 2
1138 632 1176 670 5.
1203 630 1322 669 etiam
1341 630 1432 670 vim.

78 698 314 739 inveniendo.
371 696 494 739 Amb.
529 703 564 738 1.
595 696 822 737 inveniendi.

655 856 687 898 C
718 872 745 898 A
780 873 816 897 1’.
876 854 938 897 ῙῙ.

192 973 230 1025 §.
263 976 298 1012 1.
357 970 460 1011 Jam.
530 967 651 1010 Amb.
685 975 723 1009 1.
763 969 853 1010 Par.
889 975 926 1009 1.
954 974 993 1010 2.
1024 972 1063 1011 5.
1090 979 1227 1010 famen.
1283 968 1392 1010 Flor.
1423 980 1518 1013 tam.

80 1037 181 1080 Ald.
220 1056 323 1080 nam.
435 1039 495 1077 vis
525 1040 649 1078 omnis
679 1038 814 1076 tribus.
876 1035 998 1077 Amb.
1032 1042 1068 1078 1.
1107 1037 1215 1078 Flor.
1248 1053 1271 1078 a
1298 1054 1358 1091 pr.
1388 1053 1444 1078 m.
1475 1038 1523 1079 de

81 1107 143 1146 his
166 1108 352 1147 omnibus.
464 1108 504 1144 in
520 1121 607 1158 gen.
668 1103 799 1145 Guelf.
818 1120 895 1145 om.
916 1107 968 1144 in.
1082 1121 1137 1144 επ·
1154 1105 1328 1159 paribuS.
1382 1105 1521 1148 Turio.

81 1173 189 1216 Flor.
214 1174 353 1228 Camp.
373 1184 408 1213 et
425 1174 600 1228 paribus.
653 1172 761 1212 Jens.
783 1170 881 1212 Loc.
902 1172 1011 1213 Ven.
1031 1187 1086 1211 ex
1101 1173 1294 1227 partibuS.
1382 1178 1523 1214 rescis-

80 1246 152 1282 sis.
201 1243 337 1297 Turio„
368 1243 538 1281 recissis.
599 1242 714 1280 VOSS.
739 1244 777 1280 1.
801 1244 838 1279 3.
863 1242 1010 1280 recisis.
1125 1251 1260 1280 contra
1271 1240 1344 1296 fil.
1393 1240 1521 1283 Aan.

81 1316 120 1350 2.
142 1325 164 1349 a
181 1326 258 1350 sec.
279 1326 333 1350 m.
359 1324 451 1349 cum
472 1309 562 1348 edd.
586 1307 689 1348 Bad.
715 1306 867 1348 Cervic.
895 1306 1025 1348 Colin.
1047 1309 1184 1348 inserr.
1207 1312 1264 1349 ιἠ.
1351 1308 1522 1351 ductum.

84 1375 219 1418 Guelf.
236 1378 394 1422 dictum.
491 1377 625 1431 qualia
648 1379 689 1414 in
709 1399 765 1406 ——
783 1379 1081 1429 pronunciatum
1102 1387 1170 1416 cst.
1219 1374 1354 1417 Guelf.
1380 1380 1526 1419 omittit

82 1444 182 1484 haec
211 1448 358 1486 omnia.
461 1444 732 1498 Oppianicum.
782 1441 920 1483 Turio.
943 1445 1178 1497 opianicum.
1275 1455 1311 1483 et
1330 1460 1354 1483 a
1373 1457 1522 1487 senatu.

81 1510 218 1552 Turio.
250 1528 272 1551 a
297 1529 357 1566 pr.
385 1527 440 1552 m.
471 1511 578 1552 Flor.
610 1510 737 1551 Amb.
761 1515 800 1551 2.
829 1522 864 1549 et
885 1522 1032 1551 senatu.
1091 1510 1210 1552 Voss.
1233 1517 1272 1552 1.
1294 1517 1333 1552 3.
1357 1523 1392 1551 et
1410 1530 1526 1554 sena-

80 1589 155 1619 tus.
271 1584 359 1621 reis.
431 1579 566 1621 Guelf.
610 1597 725 1618 rcum.
850 1578 1077 1633 (lepor-talis,
1152 1578 1288 1621 Guelf.
1324 1579 1451 1621 Aan.
1483 1588 1524 1623 2.

81 1645 200 1687 Voss.
227 1653 259 1688 1.
281 1654 319 1688 3.
349 1648 471 1689 Bel-n.
494 1647 752 1702 ‹lepor-tasum.
851 1649 1075 1685 assertione.
1135 1645 1258 1687 Goth.
1281 1651 1527 1691 asserctione.

169 1726 203 1754 et
228 1717 420 1770 partibus.
477 1713 612 1755 Guelf.
646 1713 692 1751 de
720 1730 760 1766 ρ.
817 1711 939 1754 Goth.
969 1713 1079 1753 Jens.
1110 1723 1149 1753 et
1169 1715 1259 1754 edd.
1282 1724 1373 1754 ante
1395 1715 1524 1757 Stoer.

85 1784 225 1822 inserr.
254 1783 310 1822 cle.
427 1783 574 1822 hastas.
628 1780 765 1820 Turio.
798 1795 819 1819 a
841 1796 900 1833 pr.
923 1795 979 1820 m.
1012 1783 1129 1829 asiis,
1158 1796 1181 1819 a
1199 1796 1277 1822 sec.
1301 1797 1357 1822 m.
1377 1794 1525 1837 pasteS.

198 1851 234 1902 ᾧ.
265 1857 304 1891 2.
365 1851 610 1889 auctoritate.
656 1846 784 1887 Amb.
806 1853 845 1888 2.
866 1846 989 1886 Bern.
1010 1850 1297 1888 auctoritatem.
1383 1866 1524 1892 rerum.

85 1914 224 1970 Camp.
259 1934 401 1957 corum.
527 1915 573 1954 de
605 1916 755 1970 quibus.
824 1914 988 1955 Omittit
1027 1914 1074 1953 de
1103 1913 1228 1954 Amb.
1263 1921 1301 1956 1.
1417 1935 1527 1961 raro.

86 1983 223 2025 Turio.
254 1985 362 2025 Flor.
377 2014 388 2032 ,
434 1994 598 2037 uterque
619 1999 641 2021 a
661 1999 719 2036 pr.
739 1998 794 2021 m.
819 1999 927 2023 rara.
1043 1984 1082 2020 in
1105 1982 1178 2022 his.
1237 1982 1345 2025 Jens.
1371 1994 1410 2025 et
1432 1987 1522 2027 edd.

85 2061 178 2092 ante
205 2051 359 2106 Gryph.
383 2067 469 2091 exc.
491 2050 587 2090 ΑΜ.
606 2050 717 2090 sich,
746 2052 786 2088 in
816 2052 878 2089 iis.
998 2048 1109 2090 Vult.
1163 2049 1289 2091 Amb.
1311 2057 1348 2093 1.
1376 2052 1525 2095 volunt.

169 2122 341 2174 quisque.
400 2118 525 2159 Amb.
557 2124 593 2158 1.
616 2125 656 2159 2.
689 2115 821 2158 Guelf.
843 2120 1059 2173 quisquam.
1159 2135 1228 2158 nec
1247 2118 1312 2159 lib.
1334 2135 1401 2159 ex.
1457 2119 1527 2162 Sic

87 2189 207 2226 etiam
239 2186 347 2228 Flor.
381 2186 507 2227 Amb.
535 2192 575 2227 2.
602 2185 693 2226 Par.
731 2190 768 2225 1.
802 2191 843 2227 2.
876 2190 912 2226 3.
1027 2184 1132 2240 quod
1160 2189 1200 2226 in
1227 2203 1278 2227 se.
1336 2185 1458 2230 Amb.
1486 2195 1528 2231 2.

88 2253 182 2308 quid
210 2256 237 2294 i.
265 2271 298 2294 s.
1474 2250 1476 2252 Ι

161 2374 163 2377 Ι
201 2322 236 2373 §.
269 2327 308 2361 3.
366 2337 471 2375 ergo.
533 2320 739 2362 Omittunt
771 2318 906 2362 Guelf.
939 2320 1062 2361 Goth.
1090 2319 1216 2362 Amb.
1244 2327 1284 2362 2.
1325 2320 1437 2363 Sich.

75 2387 220 2446 ferret.
279 2386 412 2429 Guelf.
421 2389 545 2445 ferei.
660 2391 867 2429 actionum.
925 2388 1061 2428 Turio,
1084 2403 1105 2427 a
1122 2405 1181 2441 pr.
1202 2384 1257 2429 1'n.
1278 2388 1383 2430 Flor.
1404 2393 1525 2431 inser.

90 2452 158 2502 αἲ.
205 2453 342 2495 Turic.
368 2471 391 2495 a
410 2471 485 2495 sec.
508 2471 562 2495 m.
585 2465 665 2495 aut.
753 2456 983 2496 incusanda.
1032 2454 1165 2496 Guelf.
1189 2455 1316 2496 Amb.
1338 2462 1377 2497 2.
1399 2456 1524 2498 Bem.

89 2522 311 2563 insecunda.
360 2522 478 2563 VOSS.
504 2528 540 2563 1.
564 2528 602 2562 3.
625 2523 870 2577 insequenda.
966 2522 1215 2577 negligentia.
1273 2523 1378 2564 Flor.
1402 2523 1527 2566 Aan.

90 2596 132 2632 2.
153 2589 404 2644 neglegentia.
512 2589 741 2643 judicatum.
788 2590 896 2631 Jens.
916 2589 1015 2631 Loc.
1035 2590 1143 2630 Ven.
1158 2590 1362 2644 judicium.
1478 2591 1526 2631 de

88 2660 237 2711 gratia.
298 2655 437 2698 Turio.
460 2655 598 2710 Camp.
620 2660 746 2697 omitt.
775 2657 835 2698 de.
949 2657 1226 2698 inveniendum.
1283 2657 1390 2700 Flor.
1419 2661 1527 2699 inve-

92 2725 288 2766 niundum.
392 2725 505 2779 quod·
531 2740 684 2765 causae.
742 2723 865 2766 Goth.
905 2725 1022 2766 Voss.
1053 2731 1093 2767 2.
1128 2726 1237 2769 Jens.
1277 2724 1374 2768 Loc.
1415 2726 1524 2770 Ven-
