1775 3091
1374 121 1523 158 XXVH

85 246 206 281 sura,
255 228 427 283 abjiciat
453 225 563 267 falsa
591 233 634 265 et
665 237 767 264 mox
796 224 905 263 inter
934 220 1083 263 ultima
1112 222 1409 277 impedimenta
1438 222 1526 263 edi·

83 313 244 351 tionum
273 305 541 350 removenda.
599 301 780 353 Qualem
810 303 889 344 Ed.
916 299 1170 344 Bonnellum
1198 315 1283 342 non
1309 314 1526 356 speramus

84 388 201 439 fore,
253 386 330 428 sed
367 383 616 426 confidimus
656 391 697 423 et
738 396 832 423 esse
871 382 1161 438 cognovimus.
1218 379 1362 436 Itaque
1402 392 1525 420 nemo

84 468 322 509 tarditatem
355 465 494 520 operis
523 464 709 513 incuset,
755 463 846 516 jam
872 476 946 517 per
977 461 1306 517 quinquennium
1335 460 1527 509 extracti,

86 547 161 588 sed
198 558 310 596 nunc
347 543 648 598 propemodum
687 542 740 582 ad
774 539 1020 582 umbilicum
1051 540 1232 580 adducti.
1290 536 1398 580 Nam
1431 552 1526 579 cum

84 627 240 681 optima
286 636 473 679 quaeque
522 621 756 662 diutissime
806 628 1017 670 crescant,
1075 627 1163 660 tum
1209 619 1424 660 rarissima
1464 624 1529 657 est

84 703 158 746 illa
193 703 413 744 hominum
452 699 658 752 felicitas,
700 699 851 756 quibus
893 701 967 740 uni
1003 697 1236 740 litterarum
1278 698 1424 754 generi
1460 710 1527 737 as-

83 784 222 825 sidere
261 781 411 831 liceat,
459 794 537 821 nec
576 778 666 821 fere
707 779 858 835 quibus
900 780 1084 820 maxime
1125 776 1303 820 velimus
1353 785 1395 817 et
1423 790 1528 831 opus

83 864 139 903 sit
170 862 388 916 contingit.
551 852 553 855 ¹

198 1021 284 1060 Sed
313 1033 392 1074 ego
427 1026 643 1073 praeterea
673 1017 753 1057 hoc
782 1016 989 1057 voluntati
1019 1018 1100 1057 viri
1127 1017 1428 1065 honestissimi,
1458 1018 1530 1071 qui

90 1101 199 1140 hanc
257 1099 484 1138 editionem
536 1097 734 1146 redemit,
798 1096 982 1136 dandum
1039 1098 1204 1149 putavi,
1269 1104 1315 1137 ut
1368 1104 1529 1136 textum

87 1177 435 1234 Spaldingianum
474 1174 528 1214 ad
567 1172 696 1214 fidem
737 1174 927 1214 codicum
967 1175 1344 1229 manuscriptorum
1381 1187 1531 1215 recens

89 1256 335 1298 collatorum
347 1255 484 1295 denuo
496 1262 687 1294 accurate
701 1254 932 1308 exigerem,
950 1254 1071 1307 eique
1093 1250 1300 1308 singulari
1318 1250 1530 1293 volumine

48 1384 51 1386 ,
86 1332 406 1376 describendum
428 1333 648 1374 traderem.
687 1331 928 1373 Verebatur
950 1334 1063 1372 enim
1087 1330 1160 1372 ille
1181 1346 1265 1372 non
1278 1332 1367 1373 sine
1390 1346 1532 1383 causa,

85 1428 139 1454 ne
177 1427 252 1469 pro
290 1427 407 1453 more
446 1411 605 1453 saeculi
644 1415 688 1454 in
725 1426 846 1453 suam
884 1413 1004 1466 quasi
1042 1412 1352 1467 possessionem
1393 1413 1533 1452 statim

87 1506 238 1533 manus
263 1490 427 1532 alienae
446 1490 698 1542 involarent,
728 1498 770 1531 et
787 1493 832 1531 in
857 1506 938 1546 quo
958 1491 1041 1532 sibi
1062 1493 1222 1532 sevisse
1243 1490 1532 1540 arbitraretur,

89 1570 163 1612 alii
192 1585 373 1612 messem
401 1571 603 1612 facerent.
662 1569 810 1626 Neque
840 1586 925 1612 non
951 1570 1056 1613 mihi
1076 1569 1158 1610 hoc
1178 1570 1398 1612 videbatur
1418 1578 1532 1611 recte

89 1652 272 1702 institui,
300 1659 360 1702 ut,
384 1650 581 1705 quicquid
598 1648 676 1689 hac
698 1663 808 1690 nova
827 1663 929 1689 cura
958 1648 1207 1704 profecisset
1230 1648 1532 1699 Quintilianus,

88 1730 352 1772 manifestius
390 1728 514 1770 fieret
540 1737 581 1769 et
616 1730 661 1769 in
689 1729 810 1771 brevi
835 1738 1060 1783 conspectu
1089 1739 1271 1784 pateret,
1310 1743 1415 1770 neve
1445 1729 1534 1769 diu-

89 1811 172 1851 tius
203 1823 348 1850 eorum
377 1808 540 1858 usibus,
575 1809 645 1862 qui
660 1810 1061 1862 praestantissimam
1081 1818 1270 1849 veterum
1292 1816 1421 1849 artem
1442 1809 1534 1848 sine

93 1890 237 1929 critico
266 1896 467 1943 apparatu
495 1901 749 1941 cognoscere
782 1896 1003 1941 cuperent,
1049 1895 1288 1943 negaretur.

205 2045 326 2086 Haec
344 2048 472 2101 igitur
500 2045 715 2086 hactenus.
776 2044 896 2094 Quae
928 2061 1022 2087 cum
1045 2056 1140 2087 ante
1165 2045 1398 2102 complures
1420 2061 1537 2103 rnen·

94 2140 162 2169 ses
192 2126 476 2180 scripsissem,
517 2125 617 2166 dum
643 2127 751 2180 typis
778 2123 888 2167 liber
920 2125 1183 2176 describitur,
1216 2127 1379 2169 animus
1409 2127 1536 2167 vehe-

92 2215 254 2248 menter
300 2206 406 2245 ictus
444 2213 508 2245 est
546 2205 751 2246 mortibus
790 2220 958 2256 eorum,
1008 2219 1109 2259 quas
1154 2208 1199 2246 in
1238 2205 1367 2260 hujus
1404 2208 1537 2262 ipsius

94 2285 298 2340 prooemii
317 2285 436 2325 initio
460 2287 798 2336 commemoravi,
831 2285 940 2326 Phil.
962 2283 1208 2326 Buttmanni
1228 2287 1342 2327 senis
1365 2295 1404 2326 et
1422 2285 1455 2326 F
1458 2285 1536 2326 rid.

95 2363 276 2404 Sanderi
303 2364 479 2404 vixdum
503 2366 688 2418 juvenis.
748 2363 896 2421 Neque
925 2367 1039 2420 pium
1060 2366 1225 2406 videtur
1248 2364 1461 2405 discedere
1484 2363 1538 2405 ab

96 2440 180 2481 hoc
208 2450 294 2481 toto
323 2440 468 2483 labore
500 2442 811 2495 Quintilianeo,
860 2445 1102 2499 priusquam
1132 2443 1240 2484 bene
1267 2442 1352 2484 ilh‘s
1381 2446 1537 2499 precati

95 2521 250 2569 simus,
295 2518 414 2561 Viris
444 2530 485 2561 et
513 2524 863 2578 ingeniosissimis
895 2532 935 2564 et
964 2524 1268 2578 integerrimis,
1329 2531 1370 2562 et
1406 2525 1537 2564 nostri

97 2597 254 2641 laboris
277 2599 376 2641 dum
396 2598 550 2643 licebat
568 2603 709 2654 sociis,
739 2601 861 2644 alteri
893 2602 993 2644 olim
1024 2605 1239 2659 magistro,
1272 2600 1393 2645 alteri
1413 2603 1538 2644 disci-
