1775 3091
213 220 294 256 272
455 257 462 261 ,
643 212 914 269 Supplementa
941 217 1209 254 annotationis

326 329 362 382 ξ.
396 332 487 370 115.
544 327 651 368 Hoc,
702 323 835 367 Guelf.
858 326 964 367 haec.
1050 326 1325 367 inveniendum.
1372 325 1496 367 Amb.
1519 332 1556 367 1.
1582 329 1643 370 in-

212 396 451 436 veniundum.
502 393 636 436 Guelf.
665 394 881 433 inveniendi
908 396 1022 436 ratio.
1119 394 1225 435 Ideo.
1275 393 1408 435 Guelf.
1436 397 1477 432 in
1504 410 1559 434 eo.

213 476 319 519 capt.
357 467 405 506 si.
463 463 569 504 Jens.
605 471 644 502 et
675 462 763 501 edd.
795 472 886 501 ante
914 461 1016 502 Ald.
1047 463 1083 501 si
1109 478 1142 502 c.
1258 462 1452 501 redierint.
1509 459 1645 502 Guelf.

215 530 339 573 Goth.
365 531 567 571 redierunt.
674 529 961 584 possideantur.
1013 529 1153 583 Camp.
1172 530 1407 585 possideant.
1510 538 1644 582 parta.

212 600 348 643 Turio.
368 608 530 653 partem,
579 611 602 635 a
631 613 704 637 sec.
732 613 788 637 111.
814 614 962 652 pacem.
1059 609 1114 637 est
1134 609 1169 637 et
1190 597 1302 638 illud.
1356 596 1482 636 Amb.
1505 600 1542 635 1.
1565 609 1646 635 om.

211 679 260 708 et.
314 666 446 707 Guelf.
468 662 590 705 Goth.
612 663 738 705 Amb.
762 671 801 705 2.
826 668 954 706 omitt.
983 676 1051 707 est.
1165 666 1480 720 Amphictyones.
1536 662 1648 702 Flor.

211 734 563 788 Amphiccitrones.
608 730 743 772 Guelf.
764 733 1073 787 AmphictiqneS.
1158 734 1307 774 iisdem.
1350 731 1483 773 Guelf.
1506 729 1647 783 Camp-

211 801 373 842 hisdem.
419 799 543 840 Amb.
566 806 604 840 2.
625 799 758 840 isdem.
849 803 1115 840 centumviros.
1165 800 1303 854 Camp.
1324 802 1443 838 viros.
1530 800 1646 836 ratio.

216 870 267 911 T.
321 867 446 909 Amb.
471 873 510 909 1.
539 866 649 908 Flor.
679 869 799 907 etiam
822 869 1028 908 rationum.
1079 866 1207 909 Amb.
1235 873 1275 908 2.
1304 866 1394 909 Par.
1417 871 1455 906 1.
1475 870 1513 905 3.
1534 868 1573 906 5.
1603 872 1649 904 ut

210 936 348 981 editio.

323 1018 359 1068 §.
395 1018 490 1055 116.
549 1030 575 1055 α
594 1014 743 1053 victore
755 1015 833 1067 jus.
880 1011 1005 1054 Amb.
1031 1017 1069 1054 1.
1094 1001 1233 1053 auctet·
1256 1023 1311 1052 est
1334 1015 1410 1067 jus.
1460 1010 1595 1055 Turic-
1626 1024 1650 1049 a

209 1099 269 1138 pr.
293 1098 346 1122 m.
376 1081 482 1122 Flor.
513 1078 712 1122 victorem.
760 1080 868 1121 Flor.
895 1096 917 1119 a
939 1097 1014 1122 sec.
1031 1097 1083 1121 m.
1113 1083 1296 1121 victorem
1314 1083 1376 1122 iis.
1483 1082 1535 1119 sit
1555 1082 1646 1127 ejus.

209 1151 346 1192 Turio.
373 1149 480 1190 Flor.
505 1148 619 1190 AJJn.
650 1147 785 1190 Guelf.
815 1147 940 1188 Amb.
967 1155 1007 1189 2.
1039 1151 1089 1187 sit
1118 1151 1167 1188 ei.
1269 1149 1371 1204 quod
1388 1159 1522 1187 teneat.
1581 1147 1649 1188 Sic

210 1221 331 1258 etiam
349 1217 381 1258 F
383 1220 456 1257 lor.
477 1215 605 1257 Amb.
628 1223 668 1258 2.
726 1216 819 1271 quid
838 1226 963 1255 teneat
979 1215 1106 1255 Amb.
1130 1221 1194 1270 1.,
1237 1231 1315 1256 sec.
1335 1232 1389 1255 m.
1413 1218 1531 1256 verbo
1556 1213 1650 1268 quicl

208 1288 480 1341 superscripsit
501 1286 528 1326 i.
617 1284 864 1339 apprehendi.
903 1283 1026 1324 Amb.
1048 1290 1088 1324 2.
1120 1282 1258 1337 Camp.
1278 1283 1479 1338 adprendi.
1519 1281 1648 1323 Amb.

212 1359 253 1395 1.
284 1353 391 1393 Flor.
420 1357 519 1392 item
542 1352 731 1407 reprendi.
839 1369 916 1407 rep.
936 1352 1025 1408 diff}
1074 1351 1199 1393 Amb.
1223 1356 1258 1391 1.
1280 1354 1398 1392 inser.
1420 1353 1500 1395 ests
1595 1348 1649 1388 acl

211 1420 334 1461 illum.
381 1418 518 1460 Guelf.
537 1420 590 1458 acl
612 1419 726 1459 illud.
774 1418 882 1460 Jens.
915 1429 954 1459 et
978 1420 1065 1460 ed‘d.
1089 1429 1180 1458 ante
1200 1417 1296 1458 Ald.
1327 1418 1380 1457 acl
1399 1435 1494 1458 eum.
1597 1415 1651 1455 ad

211 1488 326 1528 hunc.
377 1486 515 1539 Camp.
536 1486 588 1525 acl
609 1486 731 1526 illum.
803 1486 929 1539 [Vox
960 1485 1219 1540 incorporalis
1245 1501 1365 1539 quam
1394 1477 1649 1538 Spaldingius

209 1553 397 1595 ICtorum
416 1557 459 1592 in
477 1563 572 1593 nota
593 1569 706 1606 exeg.
730 1554 851 1604 dixit,
892 1563 949 1592 est
969 1555 1090 1592 etiam
1108 1555 1294 1607 frequens
1315 1553 1421 1605 apud
1439 1551 1647 1601 Senecam,

212 1625 263 1663 cf.
287 1631 441 1677 praeter
457 1623 564 1661 locos
585 1636 607 1659 a
630 1621 920 1674 lexicographis
954 1623 1089 1659 citatos
1116 1621 1164 1659 de
1188 1619 1317 1660 Clem.
1335 1619 1391 1672 V,
1418 1626 1457 1661 2.

323 1702 360 1750 §.
397 1704 489 1740 117.
547 1701 819 1752 materiae-jus.
870 1697 1002 1738 Guelf.
1026 1701 1191 1737 materia
1209 1701 1300 1752 ejus,
1381 1716 1497 1738 manu
1538 1701 1648 1739 uisse.

212 1768 320 1809 Flor.
342 1765 557 1823 manusfl‚
611 1781 633 1805 a
661 1781 738 1805 sec.
767 1781 822 1806 m.
856 1769 975 1805 etiam
1003 1782 1138 1804 manus
1163 1769 1321 1806 venisse.

322 1848 358 1899 §.
389 1849 482 1886 118.
541 1847 777 1898 argumenti,
808 1843 886 1883 secl.
938 1843 1044 1884 Flor.
1076 1843 1207 1886 Guelf.
1238 1844 1363 1885 Amb.
1386 1850 1425 1885 2.
1448 1861 1654 1897 argumen-

212 1918 263 1955 tis
284 1925 331 1955 et.
439 1915 567 1968 itaque
590 1912 700 1952 mult.
749 1911 857 1952 Flor.
878 1914 997 1951 inser.
1019 1914 1073 1952 in.
1186 1911 1293 1951 Illud
1312 1915 1409 1966 jam.
1461 1911 1599 1966 Camp.
1621 1914 1650 1953 i.

212 1986 342 2024 eliam.
451 1982 654 2036 proprium
681 1990 772 2019 mat.
820 1982 909 2019 Hoc
944 1980 1081 2019 ordine
1112 1983 1231 2020 etiam
1262 1979 1395 2032 Flor.,
1446 1989 1485 2020 et
1511 1982 1652 2034 procul

214 2052 335 2091 dubio
366 2048 493 2090 Amb.
525 2053 562 2088 1.
677 2046 780 2101 quod
807 2072 862 2077 —-
894 2049 1091 2101 recepisse.
1146 2047 1273 2088 Aan.
1306 2053 1344 2088 1.
1375 2050 1464 2103 quia
1504 2047 1652 2100 (etiam

215 2113 352 2171 Flor.)
383 2119 659 2156 restitutionem
681 2118 923 2169 recepissent.
1010 2117 1219 2156 amiserint.
1259 2115 1364 2155 Flor.
1388 2114 1525 2168 Camp.
1548 2117 1653 2153 amif-
1773 2062 1775 2201 ⁴

214 2195 357 2225 serunt.
446 2186 569 2238 aequi.
608 2182 734 2223 Amb.
757 2188 795 2223 1.
817 2199 922 2237 eque.
1009 2186 1208 2224 tractatio.
1250 2183 1356 2223 Flor.
1371 2182 1492 2223 Bern.
1515 2180 1650 2235 Camp.

213 2264 371 2294 tractio.

218 2418 310 2452 sem,
330 2415 353 2439 a
371 2415 447 2439 sec.
470 2414 562 2438 cum
579 2397 685 2437 Flor.
699 2397 846 2436 accedit
866 2400 1029 2437 lectioni
1041 2396 1192 2448 Turio„
1213 2399 1282 2437 sed
1292 2396 1399 2437 Flor.
1412 2400 1455 2436 in
1471 2411 1594 2450 marg.
1606 2404 1652 2436 ut

216 2470 281 2508 ed.
367 2485 412 2506 nc
429 2484 469 2505 se
491 2491 545 2498 —
561 2465 666 2522 perf
684 2474 786 2519 prot.
828 2463 894 2504 Sic
918 2468 1038 2504 etiam
1058 2464 1182 2504 Amb.
1208 2470 1243 2504 1.
1275 2464 1384 2506 Flor.
1405 2465 1495 2506 Par.
1518 2469 1557 2505 1.
1606 2479 1651 2502 ne

216 2535 369 2590 siquid
397 2533 523 2575 Amb.
545 2540 586 2575 2.
681 2531 889 2585 negligant.
945 2532 1081 2586 Camp.
1115 2532 1323 2586 negligunt.
1772 2551 1775 2573 v,

329 2333 365 2385 §.
398 2335 492 2372 119.
552 2329 700 2384 alioqui
728 2352 783 2360 --
809 2328 913 2369 trad.
945 2327 1089 2372 ‚Amb.
1114 2334 1151 2370 1.
1172 2329 1355 2383 {alioquin
1382 2331 1481 2368 inter
1500 2327 1652 2367 aclidis-
1771 2302 1775 2491 1

330 2629 365 2678 §.
404 2630 497 2665 120.
555 2622 688 2679 Neque
716 2638 773 2662 en.
827 2621 894 2662 Sic
925 2625 1045 2661 etiam
1073 2621 1197 2664 Amb.
1229 2628 1266 2662 1.
1309 2621 1410 2663 Ald.
1522 2619 1647 2660 editis.

220 2690 355 2732 Guelf.
396 2691 547 2732 edictis.
680 2700 846 2730 utuntur.
906 2688 1014 2730 Flor.
1057 2693 1177 2730 etiam
1218 2701 1387 2730 utantur.
1504 2687 1648 2728 nullum
