1775 3091
426 265 479 305 cul
511 265 673 320 Quintil.
707 265 833 306 Ins-tit.
861 263 915 315 77,
952 269 1010 305 13.
1044 264 1307 318 §.14-—25.
1506 272 1577 308 29¹

257 383 291 432 §.
314 386 382 422 20.
432 379 562 420 modo.
602 379 809 421 Omittunt
828 378 951 419 Amb.
977 384 1013 420 1.
1035 377 1137 418 Flor.
1160 392 1181 416 a
1200 393 1259 432 pr.
1282 392 1335 418 m.
1427 395 1581 433 propa«.

144 447 222 489 secl.
256 449 356 489 Obr.
380 451 497 487 inser.
521 459 587 486 ant
609 447 840 487 rationibus.
927 449 966 486 in
983 445 1205 486 Rabirium.
1245 443 1371 484 Amb.
1385 451 1424 486 2.
1439 449 1581 486 mihin.

142 515 266 555 Amb.
292 521 329 556 1.
352 518 391 554 in
413 515 629 570 Papirium.
682 513 788 553 Flor.
816 529 838 552 a
861 530 920 567 pr.
943 529 998 554 m.
1027 514 1141 556 Ahn.
1169 518 1210 555 in
1226 513 1430 570 popilium.
1546 526 1583 551 ue

146 583 248 622 Tub.
299 580 438 622 Turio.
472 592 509 620 et
531 581 638 621 Flor.
661 595 683 620 a
703 595 761 633 pr.
784 596 840 620 m.
863 593 928 620 aut
954 583 1006 621 T.
1284 580 1286 583 ’

256 653 293 700 §.
324 655 392 690 21.
455 648 551 701 Quis
568 649 655 688 hoc.
704 647 812 688 Jens.
844 646 945 688 Loc.
976 648 1087 690 Ven.
1118 652 1202 704 quis
1231 664 1337 703 ergo.
1443 663 1470 686 α
1499 664 1584 701 quo.

140 715 280 770 Camp.
304 732 384 756 om.
406 732 446 757 α.
554 715 813 756 occideretur.
865 713 987 756 Goth.
1009 718 1246 757 occidentur.
1342 726 1388 756 ut
1405 731 1478 770 pro
1504 714 1581 768 Op-

136 787 220 838 pio.
238 836 241 837 ⁷
269 783 395 825 Amb.
421 789 459 824 1.
485 783 592 825 Flor.
614 799 636 823 a
655 800 716 838 pr.
735 798 791 823 m.
816 786 936 823 etiam
954 796 994 822 ut
1009 788 1268 840 propositum.
1361 782 1586 824 admittant.

139 850 277 893 Turio.
301 851 507 903 admittat,
547 867 626 891 sec.
648 866 704 890 m.
729 853 872 902 adjecit
890 869 979 892 non.

281 950 292 959 .
323 925 389 960 22.
449 920 539 958 bene
568 930 615 959 er.
667 918 734 959 Sic
762 922 888 959 etiam
913 919 1045 959 Amb.
1073 924 1109 959 1.
1132 924 1173 960 2.
1205 917 1297 960 Par.
1318 923 1357 960 3.
1376 919 1418 958 4.
1531 916 1594 956 vel

140 997 339 1041 tanquam.
389 986 516 1027 Amb.
543 992 581 1026 1.
614 990 762 1027 omittit
790 987 872 1036 vel,
909 989 978 1027 sed
1007 990 1190 1027 abrasum
1212 987 1384 1026 videtur.
1498 1001 1589 1025 con-

142 1065 373 1095 icmmmtur.
418 1054 521 1094 Flor.
544 1063 874 1114 contempnungur.
983 1055 1098 1094 levia.
1144 1057 1253 1094 Flor.
1283 1069 1309 1093 a
1328 1069 1387 1107 pr.
1407 1067 1461 1096 m.
1495 1051 1591 1092 leva.

228 1121 281 1160 ad
306 1138 464 1160 causam
486 1122 596 1160 nihil.
645 1120 774 1162 Amb.
801 1128 839 1162 1.
869 1140 908 1163 n.
932 1140 971 1162 α.
996 1139 1029 1162 c.
1108 1121 1227 1177 facit.
1272 1119 1399 1161 Amb.
1421 1125 1459 1159 1.
1483 1118 1590 1159 Flor.

141 1191 263 1228 etiam
272 1188 399 1245 ficit.
486 1188 578 1228 Sed.
624 1187 750 1229 Amb.
776 1193 814 1229 1.
834 1200 881 1230 et.
971 1190 1080 1229 haec.
1124 1188 1262 1241 Camp.
1284 1188 1363 1227 hie.
1449 1187 1592 1225 Itucus-
1624 1214 1627 1219 v

142 1273 226 1310 que.
276 1255 413 1297 Turio.
437 1270 460 1295 a
479 1272 540 1309 pr.
563 1270 618 1295 m.
639 1255 865 1311 kaecusque.
969 1273 1189 1312 possumus.
1237 1254 1375 1309 Camp.
1390 1256 1592 1309 possimus.

226 1322 431 1365 calcemus,
476 1323 602 1363 Amb.
627 1328 665 1363 1.
695 1323 802 1364 Flor.
827 1339 849 1364 a
869 1341 931 1378 pr.
950 1340 1005 1365 m.
1041 1324 1255 1364 calcamus.

256 1393 293 1441 §.
326 1397 395 1432 23.
457 1391 583 1442 Quom.
610 1416 668 1422 —
699 1408 843 1431 eorum.
894 1391 1021 1431 Amb.
1045 1397 1082 1431 1.
1113 1394 1236 1430 etiam
1270 1389 1318 1441 Q.
1347 1392 1389 1428 in
1419 1388 1492 1428 Ῐιαε
1521 1390 1594 1427 erit

139 1473 230 1498 vero
249 1461 432 1497 maxima
448 1475 544 1512 pars
565 1475 597 1498 e.
687 1458 781 1512 quid
799 1461 864 1498 sit.
915 1457 1053 1511 Camp.
1080 1457 1182 1512 quod
1199 1459 1262 1497 sii.
1345 1455 1410 1496 Id.
1456 1454 1595 1508 Omit—

140 1534 231 1564 tunt
252 1528 371 1563 etiam
388 1524 513 1564 Amb.
540 1529 576 1563 1.
600 1529 641 1564 2.
729 1524 1037 1579 deprehenditur.
1074 1524 1214 1578 Camp.
1235 1524 1510 1579 deprendatur.

139 1592 425 1633 similitudines.
477 1591 616 1645 Camp.
643 1592 793 1633 clissim.
890 1593 1096 1634 ducuntur.
1150 1591 1288 1632 Turio.
1311 1591 1505 1630 (licuntur.

255 1661 293 1710 §.
326 1661 394 1707 2-1.
453 1664 576 1700 varic.
626 1660 753 1701 Aan.
774 1667 814 1700 2.
835 1663 986 1699 variae.
1084 1671 1229 1700 vetera.
1279 1657 1404 1698 Aan.
1428 1663 1466 1697 1.
1490 1673 1595 1712 quo-

141 1742 219 1782 que
239 1727 378 1766 ultera.
475 1730 511 1766 si
531 1727 710 1767 indubia.
763 1726 830 1766 Sic
850 1726 956 1766 Flor.
975 1725 1100 1766 Amb.
1124 1733 1164 1766 2.
1269 1728 1331 1764 sin
1355 1725 1473 1762 dubia
1501 1724 1592 1765 Par.

144 1800 184 1834 1.
242 1797 278 1833 si
301 1793 503 1833 indubiam
530 1793 656 1833 Amb.
688 1799 727 1834 1.
832 1796 931 1831 enim
948 1795 1061 1847 fieri.
1111 1793 1238 1832 Amb.
1267 1798 1303 1832 1.
1335 1791 1444 1832 Flor.
1472 1794 1593 1831 etiam

141 1877 201 1901 en.
221 1877 314 1900 esse.
403 1871 447 1898 ut
467 1883 523 1890 —
542 1863 685 1900 omnia.
723 1859 849 1900 Amb.
867 1866 905 1900 2.
926 1875 1084 1914 quoque
1102 1871 1193 1899 utra
1214 1862 1273 1899 ila
1291 1863 1340 1899 sit
1366 1862 1527 1914 optima.

228 1930 347 1967 occis.
380 1926 617 1967 Gracchum.
666 1926 791 1968 Aan.
816 1933 852 1968 1.
877 1930 996 1967 inser.
1024 1929 1075 1967 T.
1181 1927 1354 1968 Ahalae.
1403 1927 1525 1967 Amb.
1560 1934 1596 1970 1.

142 1995 315 2036 (tihalac.
360 1994 465 2036 Flor.
486 2010 508 2034 a
526 2011 583 2048 pr.
603 2011 657 2036 m.
680 2006 721 2034 at
740 1995 889 2034 baleam
909 2011 934 2034 a
954 2011 1028 2050 quo
1049 1994 1116 2035 M.
1137 1994 1292 2035 Aelius.
1381 1994 1593 2036 Maelium.

140 2062 267 2103 Amb.
293 2068 329 2102 1.
352 2068 392 2103 2.
424 2061 530 2102 Flor.
560 2078 719 2118 quoque
743 2062 810 2103 M.
839 2062 1012 2102 Aelium.
1129 2063 1409 2118 qffectcttorem.
1459 2060 1594 2103 Guelf.

144 2131 384 2185 ‹yffi-ctorem.
470 2130 585 2170 modo
609 2130 726 2171 latas.
779 2129 903 2171 Amb.
930 2135 964 2170 1.
982 2129 1099 2170 modu
1122 2129 1232 2178 lates,
1262 2132 1305 2168 iu
1327 2145 1450 2182 marg.
1469 2144 1492 2168 a
1512 2146 1592 2170 rec.

72 2231 81 2241 .
142 2211 198 2237 m·
218 2196 281 2236 vel
297 2197 582 2252 promulgatas.
621 2199 757 2239 Turio.
775 2197 883 2237 Flor.
899 2229 909 2248 ‚
951 2207 1116 2252 uterque
1139 2212 1162 2236 a
1181 2213 1241 2250 pr.
1264 2212 1337 2249 m.‚
1362 2195 1593 2237 modulatae.

225 2264 447 2319 populares.
497 2265 631 2306 Turio.
656 2266 778 2306 Aan.
797 2272 836 2306 2.
867 2268 984 2306 VOSS.
1008 2271 1045 2305 1.
1074 2265 1293 2319 popularis.
1399 2263 1590 2303 Ahalam.

143 2329 266 2372 Amb.
302 2337 339 2371 1.
374 2346 396 2372 a
423 2348 500 2373 sec.
532 2349 588 2374 m.
619 2333 808 2374 athalam.
918 2343 1010 2372 ium.
1062 2332 1226 2373 Omittit
1259 2330 1530 2375 etlaln,Aan.
1554 2336 1590 2370 1.

182 2425 190 2433 .
229 2397 407 2440 obtineri.
452 2399 577 2441 Amb.
610 2406 648 2441 1.
678 2401 787 2441 Flor.
818 2415 918 2454 apr.
941 2415 998 2440 m.
1035 2402 1155 2439 etiam
1175 2402 1357 2454 optinere.
1480 2397 1593 2448 Quod

145 2464 192 2504 de
211 2465 417 2520 exemplis.
461 2466 587 2508 Amb.
608 2474 646 2509 2.
673 2467 790 2510 Voss.
811 2473 849 2509 1.
872 2473 912 2510 3.
950 2467 1051 2523 quod
1080 2466 1274 2521 exempli,
1321 2479 1415 2506 cum
1437 2462 1589 2515 Guelfi,

144 2547 248 2587 quae
274 2541 411 2573 tamen
443 2534 584 2585 adjecit
608 2546 678 2576 est.

259 2601 295 2652 ᾧ.
327 2604 394 2641 25.
454 2601 632 2656 quidque.
682 2601 821 2657 Camp.
842 2604 1009 2658 quisque.
1091 2617 1180 2642 acc.
1202 2599 1334 2642 modo.
1379 2598 1448 2640 Sic
1469 2601 1591 2639 etiam

142 2665 176 2708 F
178 2670 250 2708 lor.
345 2668 433 2709 huc.
482 2668 589 2710 Flor.
610 2670 712 2711 huic.
807 2669 991 2711 elocutus.
1039 2668 1063 2711 J
1066 2685 1149 2709 ens.
1169 2677 1212 2708 et
1233 2669 1323 2708 edd.
1338 2676 1436 2707 ante
1458 2665 1587 2706 Stoer.

146 2732 307 2775 locutus.
393 2737 429 2776 si
449 2739 548 2780 acri.
596 2735 722 2779 Amb.
747 2743 788 2780 2.
811 2740 934 2780 sacri.
1016 2736 1153 2794 fiterit
1172 2751 1276 2780 usus.
1329 2731 1453 2776 Goth.
1479 2734 1588 2775 Jeus.

1040 2803 1076 2845 T
1107 2809 1133 2847 2
