1775 3091
404 204 457 244 acl
488 202 649 258 Quintil.
678 201 809 244 Instit.
838 201 896 251 Χ,
931 207 964 242 1.
996 203 1025 256 ξ.
1049 203 1214 244 6-24,
1319 231 1326 239 .
1457 206 1536 245 411

205 322 242 373 §.
274 324 339 360 18.
396 318 511 359 velut.
547 318 638 358 Par.
664 322 701 357 1.
726 322 765 357 2.
789 314 900 356 illud.
985 315 1182 371 placeant.
1221 314 1311 357 Par.
1332 320 1368 356 1.
1390 322 1428 357 2.
1449 315 1542 371 pla-

96 399 194 430 cent.
283 386 500 426 laudentur.
542 385 631 426 Par.
657 391 694 425 1.
718 390 757 426 2.
789 383 1011 424 laudantur.
1072 383 1240 440 [Neque
1267 394 1374 425 recte
1404 387 1542 425 fecisse

95 467 192 510 puto
232 455 538 509 Spaldingium,
592 454 701 508 quod
738 449 1008 492 Indicativum
1048 453 1274 504 damnavit,
1330 456 1400 508 qui
1437 453 1544 506 apud

97 523 400 576 Quintilianum
426 537 624 575 nusquam
654 528 843 573 sequatur
869 522 1080 572 particulas
1111 538 1197 560 cum
1224 523 1403 573 inierim3
1451 522 1544 560 vide

98 589 132 643 I,
158 598 225 642 12,
249 595 287 631 3.
316 588 370 640 II,
391 594 456 639 12,
478 594 516 629 2.
549 585 607 636 X,
634 593 672 637 1,
699 591 775 626 111
810 596 849 626 et
871 586 971 636 XII,
998 594 1063 639 10,
1094 593 1145 628 67
1177 604 1270 628 cum
1297 598 1392 629 nota
1422 588 1545 629 Butt-

96 661 237 697 manni
279 659 398 696 nimis
437 655 577 695 timide
620 669 712 694 eum
746 670 863 694 usum
892 659 1006 710 quasi
1035 661 1276 698 excusantis.
1343 657 1547 698 Nimirum

97 728 286 778 temporis
319 726 552 777 significatio
586 725 790 776 praevalet
829 723 896 778 (et
926 733 1056 764 vertas
1094 722 1333 765 Germanice
1360 726 1547 765 wc'ihreml

96 792 354 846 inzwisclzen)
395 807 526 846 neque
559 792 610 830 ad
636 793 984 831 ratiocinationem
1011 794 1089 830 nisi
1118 794 1261 832 leniter
1287 796 1544 836 transfertur:

100 870 237 915 estque
259 860 336 899 hoc
357 863 488 912 ipsum
501 891 512 911 ‚
547 862 580 898 si
599 862 751 913 quaeris
765 891 775 909 ,
806 862 885 910 jam
899 862 1068 900 labentis
1087 857 1316 901 Latinitatis
1338 863 1547 913 indicium,

99 929 210 983 quod
240 926 497 978 Conjunctivi
524 942 638 977 usus,
681 930 750 981 qui
782 928 888 980 apud
919 925 1154 967 Ciceronem
1179 931 1457 969 subtilissimus
1479 938 1549 980 est‚'

99 998 314 1049 paululum
335 995 529 1045 deflectit,
557 998 753 1048 imprimis
772 996 939 1050 quidem
960 997 1070 1050 quod
1087 999 1259 1049 pertinet
1279 998 1329 1036 ad
1348 1000 1550 1049 interjecta

100 1065 282 1102 membra
320 1065 508 1102 orationis
541 1067 585 1101 in
620 1067 913 1103 constructione
944 1063 1180 1104 Accusativi
1211 1063 1550 1116 cuminfinitivo,

103 1146 277 1185 quorum
305 1133 437 1169 tenuis
471 1146 600 1170 nexus
631 1129 853 1170 Indicativo
884 1135 998 1186 quasi
1032 1133 1269 1173 dissolvitur.
1328 1132 1476 1174 Contra
1508 1138 1552 1174 in

104 1201 320 1238 enuntiatis
353 1201 561 1250 absolutis,
613 1213 716 1253 quae
746 1201 1020 1251 appellantur,
1072 1199 1383 1252 Conjunctivum
1414 1212 1454 1242 et
1483 1205 1552 1242 alii

103 1269 310 1319 scriptores
328 1266 446 1316 hujus
468 1269 605 1306 aetatis
627 1276 665 1306 et
686 1269 879 1320 imprimis
901 1265 1178 1318 Quintilianus
1191 1301 1202 1321 ⁷
1241 1272 1401 1310 facilem
1420 1286 1552 1325 quan-

105 1335 201 1373 dam
247 1343 285 1374 et
331 1337 467 1374 lenem
512 1336 747 1374 modestiam
799 1337 1055 1386 simulantes,
1109 1340 1283 1376 nimium
1326 1340 1555 1392 frequenter

104 1412 285 1455 ponunt,
333 1405 403 1441 ubi
443 1400 581 1443 Cicero
614 1404 766 1442 fortiter
795 1400 1018 1443 Iudicativo
1051 1406 1136 1444 sine
1165 1406 1424 1446 dubitationis
1457 1409 1554 1448 falsa

104 1473 234 1522 specie
261 1469 423 1522 utitur]

221 1538 256 1587 §.
292 1542 356 1577 19.
415 1534 650 1590 Repetamns
676 1561 733 1569 --
765 1549 988 1579 tractemus.
1031 1539 1121 1579 Par.
1146 1546 1182 1580 1.
1207 1545 1247 1580 2.
1276 1545 1480 1595 repetimus
1499 1568 1555 1575 —-

106 1616 335 1645 tractamus.
422 1607 638 1644 iteratione.
680 1605 746 1646 Sic
765 1606 856 1646 Par.
877 1613 916 1647 2.
939 1623 1016 1646 sec.
1043 1623 1096 1647 m.
1155 1606 1386 1648 alteratione
1403 1609 1493 1651 Par.
1517 1616 1554 1651 1.

220 1673 256 1722 §.
288 1678 356 1711 20.
412 1673 634 1725 praecipue.
685 1671 752 1711 Sic
773 1672 864 1712 Par.
889 1680 926 1712 1.
952 1679 991 1713 2.

223 1742 260 1789 §.
296 1743 362 1777 21.
424 1737 666 1788 dissimulat,
699 1740 920 1779 insidiatur.
970 1740 1059 1781 Par.
1082 1748 1121 1782 2.
1153 1741 1428 1784 dissimulatim
1459 1749 1581 1793 insir-j'

112 1807 212 1847 ‹lia-5.
272 1805 362 1845 Par.
389 1811 423 1845 1’.
455 1805 749 1860 dissimulatque
771 1807 947 1847 insidias.

249 1902 258 1911 .
290 1878 355 1912 22.
416 1883 531 1926 atque
551 1873 677 1913 DIess.
719 1873 785 1914 Sic
806 1874 894 1915 Par.
920 1882 955 1915 1.
979 1883 1017 1916 2.
1108 1894 1171 1918 reo
1191 1879 1426 1933 Asprenate.
1464 1881 1557 1923 Par.

114 1948 150 1982 1.
170 1947 209 1982 2.
234 1957 317 1979 reos
344 1951 583 1993 aspernatus.

226 2010 264 2059 §.
296 2012 364 2048 23.
428 2007 542 2058 Quin.
583 2008 672 2048 Par.
700 2016 734 2049 1.
761 2017 801 2051 2.
823 2015 921 2066 quis.
1009 2023 1049 2051 ui
1079 2017 1312 2068 quisque—
1335 2019 1421 2058 erit.
1466 2017 1557 2060 Par.

115 2083 153 2117 1.
183 2076 391 2129 Utriusque
408 2079 497 2114 crit.
548 2075 638 2115 Par.
663 2083 702 2117 2.
725 2078 816 2117 utile
835 2082 918 2128 crit,
959 2095 1037 2120 sec.
1060 2095 1114 2121 ln.
1145 2086 1325 2138 utrinque
1345 2102 1404 2139 eg.
1429 2097 1483 2126 ut.
1507 2105 1560 2126 er.

114 2143 231 2198 [Qui
261 2144 445 2183 codicum
480 2147 717 2196 scripturam
755 2149 924 2201 utrisque
957 2151 1030 2187 erit
1062 2152 1163 2188 scire
1191 2160 1338 2204 tuetur,
1399 2153 1562 2208 Sarpius

116 2210 281 2261 Quaest.
313 2211 456 2263 philol.
480 2226 565 2264 cap.
588 2209 672 2251 VH
702 2228 741 2266 p.
764 2219 831 2265 51,
862 2218 934 2254 erit
963 2219 1137 2269 explieat
1166 2217 1300 2258 licebit
1320 2231 1360 2261 et
1383 2223 1562 2262 dativum

118 2282 201 2318 vult
227 2280 399 2331 pendere
432 2294 453 2317 a
481 2283 718 2330 pronomine
745 2282 914 2331 casalem,
954 2282 1026 2331 τὰς
1051 2282 1178 2333 αὐτὰς
1197 2284 1411 2343 ἑκατέροις.
1471 2289 1561 2330 Hoc

118 2348 309 2384 nimirum
327 2348 445 2385 fuerit
462 2349 673 2400 glandibus
695 2349 836 2401 vesci]
922 2351 967 2389 de
987 2351 1113 2393 domo.
1165 2353 1232 2394 Sic
1260 2354 1350 2396 Par.
1382 2362 1419 2397 1.
1437 2363 1475 2396 2.

92 2409 94 2411 ’
232 2414 265 2463 ξ.
297 2414 364 2452 2-1.
422 2418 567 2467 magni.
609 2415 699 2455 Par.
723 2422 759 2456 1.
781 2422 820 2457 2.
842 2434 979 2457 omnes.
1069 2420 1264 2474 labuntur.
1307 2427 1372 2463 Sic
1403 2424 1490 2465 Par.
1525 2431 1562 2466 2.

120 2480 266 2519 Iulum.
355 2484 470 2520 anim.
495 2500 701 2537 rzormumq.
743 2483 810 2524 Sic
827 2484 916 2526 Par.
948 2493 983 2526 1.
1008 2493 1045 2528 2.
1107 2488 1209 2540 [.Ad
1228 2489 1428 2531 Ciceronis
1455 2493 1562 2542 judl-

120 2552 226 2585 cium
257 2549 304 2586 de
333 2546 606 2589 Demosthene
638 2560 676 2590 et
706 2554 826 2605 ipsius
856 2570 974 2594 usum
996 2558 1106 2595 verbi
1128 2557 1370 2598 dormitandi
1393 2562 1562 2599 conferri

120 2617 227 2663 jubet
262 2613 423 2667 Sarpius
466 2615 633 2667 Quaest.
677 2635 719 2672 p.
766 2624 818 2661 56
856 2621 1120 2663 Plutarchum
1157 2629 1200 2664 in
1240 2628 1321 2665 vita
1364 2626 1563 2668 Ciceronis

123 2698 155 2721 c.
188 2684 241 2722 24
285 2706 338 2713 —-
380 2686 496 2737 φωνῇ
536 2689 609 2725 τοῦ
649 2685 896 2742 Κικέρωνος,
947 2689 996 2742 ἣν
1035 2690 1138 2745 πρός
1167 2709 1255 2733 τινα
1284 2699 1363 2736 τῶν
1395 2693 1565 2750 ἑταίρων
