1775 3091
292 245 344 284 ad
375 243 542 296 Quintil.
573 243 704 283 Instir.
734 243 815 295 ῙῙῙ,
847 245 885 282 4.
917 249 981 285 15,
1008 247 1072 284 16.
1121 248 1160 284 5.
1184 244 1215 295 ᾗ»
1245 249 1384 285 1-6,
1476 251 1552 288 125

125 356 246 398 Paris.
282 363 319 398 1.
351 363 389 398 2.
419 363 458 398 3.
492 356 632 411 Camp.
746 367 907 396 moveat.
967 368 1117 396 moneat
1149 356 1288 410 Camp.
1321 356 1440 398 Tarv.

126 442 254 464 eorum
285 441 362 465 om.
396 424 519 464 Δῃὼ.
541 431 581 465 2.
699 424 847 464 cadent.
899 424 1040 464 cadunt
1069 422 1188 466 Amb.
1210 431 1249 465 2.
1279 422 1412 465 Guelf.
1433 424 1548 466 Voss.

124 497 162 532 ΣΙ.
187 498 226 533 3.
249 491 370 533 Goth.
483 504 523 531 ut
542 508 627 532 non.
680 509 754 532 non
771 502 812 531 ut
834 489 954 532 Amb.
978 498 1013 533 1.
1030 525 1041 544 ,
1071 495 1182 532 nullo
1203 507 1332 533 sensu.
1447 495 1553 532 irru-

119 570 270 617 perunt..
329 563 389 601 Ita
418 558 524 600 Flor.
554 558 677 601 Amb.
702 566 742 600 2.
771 557 894 599 Paris.
918 565 954 600 1.
974 565 1013 600 2.
1038 566 1074 601 3.
1094 563 1132 602 4.
1174 560 1272 602 Obr.
1304 562 1394 601 fort.
1425 558 1547 601 Amb.

125 633 162 667 1.
222 630 431 682 irruperint
474 627 668 666 dederunt
706 630 786 678 jam
824 626 963 681 Camp.
1003 627 1114 668 Sieh.
1156 627 1286 670 ColIn.
1324 639 1366 670 et
1405 638 1463 670 est
1505 632 1551 668 in

122 692 258 734 Turio.
319 693 381 735 Cf.
409 696 572 747 praefat.
602 694 698 735 Vol.
733 692 754 734 Ῑ
781 710 819 748 p.
841 693 1096 748 LXXXIV.

231 765 267 814 §.
300 767 338 802 3.
399 761 604 802 rhetorica.
665 762 854 803 rhetorice
884 762 999 803 AJm.
1031 762 1166 804 Turio.
1206 762 1273 819 (in
1305 765 1383 805 hoc
1411 774 1470 805 est
1493 789 1551 798 —-

121 827 191 882 ae)
221 829 343 869 Amb.
367 835 407 870 2.
439 828 579 883 camp.
613 829 714 871 Obr.
745 833 834 870 fort.
865 829 986 871 Amb.
1019 837 1057 871 1.
1174 829 1398 874 desiderent.
1447 833 1550 872 desi-

120 896 296 935 derarent
320 897 456 937 Turlc.
490 912 512 936 a
532 913 590 949 pr.
616 913 669 937 m.
696 897 801 938 Flor.
822 897 932 938 Alm-
1048 898 1228 950 Quidam.
1276 899 1416 955 Camp.
1444 901 1548 942 Αἷὶἰ.

200 975 423 1018 quaeratur.
483 961 543 1003 lta
570 966 729 1004 videtur
758 981 838 1005 esse
866 969 910 1005 in
938 969 1079 1006 nostris
1108 969 1312 1018 omnibus,
1360 979 1418 1009 est
1445 978 1550 1009 certe

118 1033 161 1068 in
193 1030 333 1084 Camp.
372 1030 494 1071 Paris.
520 1036 556 1071 3.
584 1033 649 1083 4.;
699 1036 894 1086 quaeritur
930 1032 1053 1074 Paris.
1087 1038 1125 1074 1.
1155 1040 1194 1074 2.
1307 1039 1548 1077 existimant.

118 1101 323 1136 existimat
353 1097 489 1138 Turio.
518 1097 624 1138 Flor.
656 1097 790 1139 Guelf.
822 1098 940 1139 Voss.
966 1104 1004 1139 1.
1027 1105 1066 1140 3.
1095 1099 1217 1142 Amb.
1242 1108 1282 1142 2.
1316 1101 1455 1156 Camp.

117 1181 229 1203 max.
257 1181 366 1218 pars.
422 1181 519 1218 pars
546 1181 661 1205 mast.
693 1164 832 1219 Camp.
948 1177 1148 1219 repugnat.
1208 1181 1389 1222 repugnet
1413 1169 1550 1212 Guelf„

117 1247 209 1271 cum
246 1231 354 1271 Jens.
393 1219 568 1284 et‘post.
607 1242 700 1272 ante
735 1230 864 1284 Bad.,
911 1248 993 1273 acc.
1037 1232 1176 1287 Sich.3
1223 1246 1382 1290 recepta
1421 1247 1479 1278 est
1504 1242 1548 1277 in

119 1296 239 1339 Goth.
269 1298 452 1339 Vallensi
482 1308 521 1339 et
548 1302 648 1340 aliis.
765 1310 921 1340 constet.
977 1299 1039 1341 Ita
1066 1304 1147 1352 jam
1175 1301 1286 1343 Sich.
1320 1303 1451 1346 Coh‘n.

117 1368 194 1404 sint
232 1377 333 1420 turp.
391 1377 479 1406 sunt
520 1377 547 1407 t.
587 1365 709 1409 Goth.
753 1383 846 1407 cum
883 1367 991 1409 Jens.
1030 1379 1088 1410 est
1120 1380 1220 1424 post.
1259 1380 1352 1412 ante
1393 1372 1546 1423 Colin„

117 1448 204 1474 exc.
231 1431 326 1474 Ald.

229 1505 264 1553 §.
296 1502 336 1541 4.
397 1511 463 1551 aut
492 1503 532 1540 in
559 1517 662 1554 scu,
701 1513 782 1544 aur.
839 1500 961 1544 Amb.
993 1509 1030 1544 1.
1070 1505 1111 1543 in
1146 1520 1252 1555 scra,
1300 1517 1358 1559 et,
1405 1512 1548 1550 omisso

115 1571 244 1622 priore
273 1578 354 1608 aut.
466 1580 554 1608 sunt
582 1568 630 1607 de
651 1573 750 1624 jure.
804 1581 891 1609 sunt
919 1586 1000 1612 om.
1038 1570 1164 1613 Amb.
1188 1578 1251 1626 1.;
1299 1580 1548 1617 econtrario

117 1634 238 1676 Goth.
269 1635 389 1678 Voss.
412 1643 453 1679 2.
483 1640 664 1677 inserunt
701 1648 788 1676 sunt
821 1647 917 1678 ante
943 1637 990 1676 de
1022 1655 1074 1680 re.
1185 1639 1310 1694 legale
1335 1667 1392 1676 -—-
1423 1647 1549 1684 ratio—

113 1703 215 1744 nale.
275 1703 411 1746 Turio.
440 1709 664 1759 transponit
690 1707 831 1745 ration.
855 1729 913 1736 —
940 1705 1014 1759 leg.
1046 1722 1140 1746 cum
1167 1707 1274 1750 Flor.
1304 1709 1429 1751 Amb.
1449 1717 1486 1752 1.
1505 1718 1545 1753 2.

117 1769 252 1812 Guelf.
281 1770 399 1812 Bodl.
428 1771 574 1813 Joann.
604 1772 694 1812 Bal.
723 1769 842 1812 Voss.
869 1778 906 1812 1.
938 1771 1060 1813 Bern.
1079 1773 1213 1815 Andr.
1324 1792 1444 1830 genus
1463 1793 1544 1820 om.

115 1837 224 1878 Jens.
258 1854 351 1878 cum
368 1849 468 1893 post.
493 1849 586 1879 ante
605 1839 731 1889 Ald.,
765 1839 853 1879 cod.
887 1842 1036 1880 nullus.
1150 1841 1192 1879 icZ
1219 1853 1286 1881 est.
1334 1842 1396 1884 Ita
1425 1847 1547 1885 etiam

115 1904 222 1945 Flor.
264 1904 389 1946 Amb.
423 1913 461 1947 1.
495 1913 534 1947 2.
574 1906 698 1947 Paris.
724 1911 760 1946 1.
784 1912 824 1948 2.
848 1910 885 1947 3.
918 1905 1058 1962 Camp.
1116 1907 1293 1963 'Vulgata
1318 1911 1437 1952 lectio
1466 1916 1546 1964 jam

116 1983 172 2013 est
202 1976 246 2011 in
276 1971 387 2014 Sich.
418 1972 549 2014 Colin.

226 2043 262 2093 §.
295 2043 334 2080 5.
394 2051 429 2079 ct
456 2044 496 2080 in
521 2040 662 2082 verbis.
713 2043 753 2080 z‘n
780 2055 860 2081 om.
893 2040 1029 2081 Tusic.
1051 2040 1157 2083 Flor.
1186 2043 1300 2086 Ajm.
1323 2044 1460 2100 Camp.

114 2109 223 2161 infin.
255 2118 322 2146 aut
343 2110 416 2161 fin.
477 2107 615 2162 Camp.
636 2111 714 2163 fin.
743 2119 811 2147 aut
831 2110 940 2163 infin.
1053 2109 1183 2151 θέσιν.
1229 2112 1348 2161 θέσις
1364 2112 1544 2156 Amb.2.

116 2173 251 2215 Guelf.
318 2174 454 2223 θέσεις
490 2174 589 2215 Α1ᾶ.
656 2172 873 2223 ὑποθέσεις
918 2174 1040 2217 Tarv.
1079 2180 1175 2218 sola.
1292 2180 1425 2221 dicunt
1461 2197 1542 2222 om.

117 2241 257 2294 Camp.
366 2245 619 2297 propositum.
673 2259 794 2297 porro
831 2260 943 2298 prop.
979 2243 1114 2285 Turio.
1143 2260 1166 2285 a
1189 2262 1265 2287 sec.
1286 2263 1341 2288 m,
1455 2252 1544 2289 uni-

115 2307 282 2347 versalcs
313 2309 456 2348 civiles.
515 2309 587 2349 alii
622 2312 759 2349 inserit
782 2309 908 2352 Aan.
936 2316 973 2352 1.
1002 2327 1025 2352 a
1049 2328 1127 2353 seo.
1157 2328 1212 2354 m.

226 2375 261 2426 §.
292 2379 331 2415 6.
377 2379 428 2414 sit
446 2379 639 2416 scientiae.
687 2379 724 2415 si
741 2380 902 2417 scientia
928 2377 1061 2420 Guelf.
1167 2397 1218 2420 an
1233 2398 1347 2435 prov.
1399 2381 1539 2437 Camp.

115 2452 183 2481 aut
208 2457 319 2495 prov.
431 2459 565 2481 munus
593 2443 728 2484 Turio.
753 2459 776 2483 a
795 2460 853 2497 pr.
875 2460 930 2486 m.
1045 2447 1174 2488 acccd.
1196 2448 1250 2487 ad
1268 2466 1383 2504 remp.
1415 2448 1539 2491 Goth.

114 2525 198 2549 acc.
231 2512 281 2547 sit
311 2508 364 2548 αιῖ
393 2527 425 2549 r.
467 2525 558 2549 cum
598 2509 752 2566 Gryph.
789 2512 916 2554 Stoer.
945 2513 1115 2556 Chouet.
1230 2515 1541 2557 administratam

114 2576 250 2616 Turic-
293 2592 316 2616 a
347 2592 406 2630 pr.
445 2591 502 2618 m.
624 2579 752 2620 Prius.
821 2581 994 2622 Primum
1039 2581 1164 2623 Amb.
1204 2588 1243 2624 1.
1367 2600 1417 2623 an
1455 2585 1541 2627 sit?

115 2644 208 2698 quid
235 2643 320 2685 sit?
357 2644 479 2698 quale.
539 2643 674 2686 Turio.
702 2661 725 2685 a
751 2663 812 2702 pr.
842 2664 897 2690 m.
928 2667 980 2690 an
1006 2652 1043 2688 si
1069 2650 1220 2704 quidem
1246 2650 1372 2704 quale.
1428 2650 1536 2692 Flor.

116 2725 139 2751 a
156 2726 215 2766 pr.
235 2727 289 2753 m.
320 2728 370 2754 an
398 2716 432 2753 si
459 2712 564 2768 quod
595 2725 649 2754 est
679 2715 794 2770 quale
821 2714 895 2772 (in
921 2717 998 2759 hoc
1016 2733 1093 2760 sec.
1120 2732 1177 2761 m.
1196 2719 1290 2760 fecit
1317 2721 1380 2768 sit,
1410 2728 1539 2761 cetera
