1775 3091
249 234 302 275 aa
327 233 460 287 Quint.
488 232 586 274 lust.
622 231 677 285 V,
698 237 764 273 13.
797 233 834 283 §.
860 235 1054 274 53—60.
1103 233 1167 273 14.
1195 233 1230 284 ᾧ.
1252 236 1290 272 1.
1405 238 1487 274 299

137 349 476 404 comparationem.
525 347 614 388 Par.
639 352 677 386 1.
709 345 816 387 Jeus.
839 354 879 386 et
898 345 987 386 edd.
1009 355 1100 386 ante
1121 344 1249 386 Stoer.
1269 359 1362 386 cum
1386 344 1488 386 Obr.

53 426 91 455 et
113 420 166 456 eis
190 417 296 469 apud
321 414 461 456 Burm.
478 416 759 470 probationem.
840 412 1022 468 plurium.
1072 413 1205 456 Turio.
1222 411 1330 454 Flor.
1354 411 1488 454 Guelf.

52 483 175 524 Amb.
198 490 236 524 2.
267 483 406 536 Camp.
423 483 646 538 plurimum.

167 553 200 603 §·
234 556 299 592 58.
361 554 428 606 qui
444 567 580 605 prmacp
618 548 727 589 Jens.
750 557 789 588 et
809 547 898 586 edd.
920 556 1011 587 ante
1033 547 1135 589 Bad.
1158 565 1327 603 quaepr.
1371 545 1491 589 Goth.

54 637 90 674 q.
111 629 405 672 praeparat-‚ent
492 620 557 672 qui
578 615 684 672 conf
723 614 831 656 Jens.
856 624 894 654 et
914 615 1002 655 edd.
1021 626 1111 655 aute
1134 615 1234 657 Bad.
1257 632 1355 670 quae
1377 632 1411 657 c-

54 686 276 739 aliquando.
336 683 456 726 Goth.
476 684 570 733 alii,
608 698 691 723 non
716 681 866 737 aliqui,
908 682 1016 737 quod
1041 682 1164 724 Gesn.
1197 685 1323 724 affert.
1368 682 1494 724 Amb.

56 759 93 793 1.
117 755 276 793 omittit.
379 752 551 809 perinde.
600 750 707 794 Flor.
731 754 853 791 etiam
870 750 1048 805 proinde.
1149 756 1295 808 cuique.
1353 751 1493 807 Camp-

55 824 276 878 cuicunque.

167 894 204 943 §.
236 895 303 931 59.
364 887 598 943 Singulisne.
656 885 780 926 Amb.
810 891 846 926 1.
875 883 1051 938 singulis.
1102 888 1218 942 Voss..
1242 892 1280 927 1.
1309 886 1498 940 singulis·-

55 972 114 996 ιτ.
222 957 309 997 (loc.
327 956 413 1011 jud.
458 955 578 996 Voss.
602 960 639 995 1.
665 954 703 994 cl.
725 964 818 992 essct
834 957 867 1007 j.
919 951 1057 1006 Camp.
1081 952 1120 994 cl.
1141 957 1191 993 sit
1204 958 1237 1008 j.
1343 971 1499 994 moven-

58 1023 140 1063 dus,
190 1022 326 1065 Guelf.
346 1023 565 1064 monendus.
675 1022 815 1062 media.
859 1020 986 1062 Amb.
1017 1026 1053 1062 1.
1082 1022 1211 1061 metlii.
1314 1021 1498 1062 utilitate.

57 1091 182 1132 Amb.
205 1098 243 1132 2.
267 1091 470 1131 utilitates.
555 1090 672 1129 Haec
693 1107 828 1145 praec.
851 1094 931 1146 qui.
958 1088 1104 1128 vTurio¹
1127 1090 1190 1129 liic
1207 1107 1270 1144 pr.
1294 1106 1333 1145 q.
1371 1088 1499 1130 Amb.

3 1161 8 1166 ’
62 1164 99 1198 1.
137 1160 231 1200 hacc
262 1157 443 1200 accidunt
467 1159 526 1197 his
555 1161 619 1213 qui
646 1174 781 1212 praec.
881 1156 1008 1215 foro:
1048 1167 1102 1197 ut.
1149 1155 1288 1198 Turic.
1321 1172 1343 1196 a
1362 1173 1422 1210 pr.
1443 1173 1500 1196 m.

46 1226 93 1282 f.
119 1230 188 1276 ait,
221 1243 242 1267 a
260 1244 337 1268 sec.
351 1242 406 1267 m.
425 1242 517 1266 cum
539 1225 673 1279 Camp.
699 1225 736 1281 f.
755 1235 808 1265 ot.
896 1235 1012 1264 ortes.
1049 1223 1117 1265 Sic
1138 1229 1259 1266 etiam
1271 1224 1398 1266 Amb.
1413 1230 1500 1266 1.2.

59 1294 149 1334 Par.
174 1300 212 1335 1.
231 1301 267 1336 2.
289 1300 327 1335 3.
416 1294 628 1333 turbentur.
682 1292 782 1334 Obr.
809 1293 1026 1332 turbantur.

172 1367 209 1416 §.
243 1367 309 1403 60.
369 1361 561 1415 Namque.
611 1359 772 1402 Novum
791 1369 908 1414 caput
926 1362 1124 1412 incipiunt
1153 1359 1220 1399 hic
1250 1362 1371 1399 etiam
1390 1357 1501 1399 Flor.

61 1428 186 1471 Amb.
209 1435 248 1471 2.
297 1428 357 1469 At
378 1427 512 1469 Guelf.
535 1427 673 1480 Camp.
695 1426 814 1467 Tarv.
833 1427 985 1481 Anque.
1062 1426 1192 1479 legem.
1232 1425 1359 1467 Amb.
1387 1431 1423 1465 1.
1449 1425 1505 1465 lc-

59 1498 178 1551 gcndi
190 1527 202 1548 ,
234 1498 303 1537 sed
323 1504 570 1550 expunctum
593 1510 616 1534 a
639 1510 716 1534 sec.
738 1510 794 1534 m.
891 1493 1201 1533 inveniendorum
1220 1519 1277 1525 —-
1296 1493 1378 1534 secl.
1436 1493 1505 1534 Sic

63 1569 184 1605 etiam
202 1564 328 1605 Amb.
353 1569 390 1604 1.
478 1561 839 1604 concludendorum.
887 1560 996 1603 Flor.
1021 1561 1134 1603 Alm.
1183 1561 1505 1602 concludentium.

65 1630 205 1673 Turio.
230 1631 523 1673 concluentium.
629 1646 712 1670 nos.
761 1629 869 1670 Flor.
893 1643 974 1669 om.
1082 1629 1348 1682 illigaverunt.
1396 1629 1505 1670 Jens.

66 1710 105 1740 et
131 1701 221 1741 edd.
256 1709 348 1739 ante
378 1698 479 1739 Obr.
508 1697 671 1751 alligat).
783 1694 1044 1750 praelocutus.
1095 1695 1229 1737 Guelf.
1256 1696 1279 1734 Τ.
1298 1707 1419 1736 cutus.

68 1767 172 1822 quid.
225 1765 348 1807 Amb.
371 1770 409 1805 1.
431 1764 545 1820 quocl.
630 1763 886 1805 clarissimos.
926 1762 1035 1804 Jens.
1056 1771 1096 1803 et
1114 1764 1204 1805 edd.
1224 1773 1314 1804 ante
1340 1761 1506 1819 Gryph„

69 1851 157 1875 exc.
176 1834 287 1876 Sich.
304 1865 316 1887 ,
355 1832 552 1889 praeclar.

610 1999 642 2042 C
674 2015 702 2041 A
733 2016 772 2041 P.
831 1998 973 2041 XIV,

181 2106 219 2157 §.
250 2109 288 2144 1.
348 2114 383 2143 et
404 2119 555 2156 argum.
598 2100 724 2143 Amb.
759 2107 798 2143 1.
828 2101 964 2143 Turio.
998 2103 1189 2141 omittunt
1211 2111 1261 2141 et.
1376 2097 1421 2139 id
1442 2107 1510 2139 est.

72 2171 212 2225 Camp.
234 2171 348 2213 idem.
434 2181 475 2210 ut
494 2169 599 2210 dixi.
642 2169 708 2210 Sic
730 2172 850 2209 etiam
869 2169 994 2210 Amb.
1019 2174 1057 2210 1.
1076 2174 1115 2210 2.
1138 2168 1243 2208 Flor.
1265 2166 1357 2208 Par.
1379 2171 1417 2207 1.
1443 2172 1510 2218 2.;

76 2238 189 2279 Sich.
205 2242 351 2279 omittit
369 2250 422 2279 ut.
500 2237 625 2292 quale.
656 2236 782 2277 Amb.
798 2242 834 2276 1.
856 2253 955 2292 quae
973 2247 1040 2276 est.
1126 2247 1219 2276 tum.
1248 2235 1356 2276 Jens.
1370 2243 1409 2273 et
1419 2234 1511 2272 edd.

75 2316 166 2346 ante
184 2305 281 2347 Ald.
300 2318 445 2354 tamen,
487 2320 562 2345 nec
583 2320 677 2345 vero
698 2303 820 2346 Goth.
833 2334 846 2354 ,
889 2306 999 2360 quod
1021 2302 1143 2344 Gesn.
1164 2306 1299 2343 refert.
1399 2300 1512 2356 prob.

72 2384 217 2430 posset.
267 2373 403 2414 Turio.
423 2376 542 2413 inser.
567 2372 648 2413 sed.
734 2387 848 2412 nunc,
895 2372 1033 2413 Tusic.
1052 2370 1160 2411 Flor.
1183 2369 1322 2423 Camp.
1349 2378 1384 2407 et
1405 2384 1514 2406 nuno.

161 2440 248 2481 mel.
273 2457 319 2480 ea
346 2440 470 2494 judic.
525 2439 593 2480 Sic
617 2444 736 2480 etiam
767 2438 872 2480 Flor.
898 2439 1019 2481 Amb.
1042 2445 1082 2480 2.
1138 2437 1298 2478 Verum
1324 2435 1452 2477 Amb.
1476 2439 1515 2475 1.

77 2508 234 2549 meliore
253 2525 279 2548 a
299 2506 534 2556 iudicanda,
573 2523 649 2548 sec.
668 2523 722 2548 m.
753 2511 1023 2562 superscripsit
1043 2506 1083 2547 d.
1192 2506 1279 2546 Dii.
1328 2502 1454 2545 Amb.
1478 2507 1518 2542 2.

78 2577 150 2616 Di.
269 2578 457 2615 rationem
494 2585 528 2614 et
562 2592 716 2630 propos.
784 2575 852 2616 Sic
889 2579 1011 2615 etiam
1050 2575 1157 2615 Flor.
1215 2573 1518 2628 propositionem

81 2647 200 2683 etiam
225 2641 353 2686 Amb.
383 2649 449 2696 2.,
491 2646 629 2683 ceteris
659 2646 822 2687 omissis.
881 2641 1012 2685 Colin.
1042 2645 1345 2699 propositionem
1371 2637 1518 2695 proba-

85 2714 306 2767 tionemque.
