<?xml version="1.0" encoding="UTF-8"?>
<!DOCTYPE html PUBLIC "-//W3C//DTD XHTML 1.0 Transitional//EN"
    "http://www.w3.org/TR/xhtml1/DTD/xhtml1-transitional.dtd">
<html xmlns="http://www.w3.org/1999/xhtml" xml:lang="en" lang="en">
 <head>
  <title>
</title>
<meta http-equiv="Content-Type" content="text/html;charset=utf-8" />
  <meta name='ocr-system' content='tesseract 3.04.00' />
  <meta name='ocr-capabilities' content='ocr_page ocr_carea ocr_par ocr_line ocrx_word'/>
</head>
<body>
  <div class='ocr_page' id='page_1' title='image "./lexiconquintilia05bonnuoft_0379.png"; bbox 0 0 1775 3091; ppageno 0'>
   <div class='ocr_carea' id='block_1_1' title="bbox 378 228 1557 285">
    <p class='ocr_par' dir='ltr' id='par_1_1' title="bbox 378 228 1557 285">
     <span class='ocr_line' id='line_1_1' title="bbox 378 228 1557 285; baseline -0.003 -14"><span class='ocrx_word' id='word_1_1' title='bbox 378 233 430 271; x_wconf 76' lang='lat' dir='ltr'><em>ml</em></span> <span class='ocrx_word' id='word_1_2' title='bbox 461 230 625 285; x_wconf 67' lang='lat' dir='ltr'><em>Quintil.</em></span> <span class='ocrx_word' id='word_1_3' title='bbox 655 231 785 271; x_wconf 56' lang='lat' dir='ltr'><em>Ius-1⁶¹1.</em></span> <span class='ocrx_word' id='word_1_4' title='bbox 832 228 907 280; x_wconf 68' lang='lat'><em>1⁷1,</em></span> <span class='ocrx_word' id='word_1_5' title='bbox 948 236 987 270; x_wconf 80' lang='lat'><em>2.</em></span> <span class='ocrx_word' id='word_1_6' title='bbox 1029 231 1062 281; x_wconf 79' lang='lat'>§</span> <span class='ocrx_word' id='word_1_7' title='bbox 1093 234 1291 271; x_wconf 64' lang='lat'><strong>26-36.</strong></span> <span class='ocrx_word' id='word_1_8' title='bbox 1478 232 1557 269; x_wconf 68' lang='lat'><em>325</em></span> 
     </span>
    </p>
   </div>
   <div class='ocr_carea' id='block_1_2' title="bbox 107 338 1554 602">
    <p class='ocr_par' dir='ltr' id='par_1_2' title="bbox 109 338 1554 468">
     <span class='ocr_line' id='line_1_2' title="bbox 109 338 1554 400; baseline -0.003 -17"><span class='ocrx_word' id='word_1_9' title='bbox 109 348 159 384; x_wconf 74' lang='lat' dir='ltr'><em>rit</em></span> <span class='ocrx_word' id='word_1_10' title='bbox 199 361 236 387; x_wconf 82' lang='grc' dir='ltr'><strong>υ.</strong></span> <span class='ocrx_word' id='word_1_11' title='bbox 279 348 449 400; x_wconf 77' lang='lat' dir='ltr'><em>rogavit.</em></span> <span class='ocrx_word' id='word_1_12' title='bbox 576 344 654 384; x_wconf 75' lang='lat' dir='ltr'><em>vid.</em></span> <span class='ocrx_word' id='word_1_13' title='bbox 695 360 771 385; x_wconf 82' lang='lat' dir='ltr'><em>non</em></span> <span class='ocrx_word' id='word_1_14' title='bbox 809 359 874 384; x_wconf 82' lang='lat' dir='ltr'><em>an.</em></span> <span class='ocrx_word' id='word_1_15' title='bbox 933 342 1042 384; x_wconf 88' lang='lat' dir='ltr'>Jens.</span> <span class='ocrx_word' id='word_1_16' title='bbox 1076 339 1174 385; x_wconf 87' lang='lat' dir='ltr'>Loc.</span> <span class='ocrx_word' id='word_1_17' title='bbox 1211 338 1321 383; x_wconf 81' lang='lat' dir='ltr'>Ven.</span> <span class='ocrx_word' id='word_1_18' title='bbox 1361 343 1554 384; x_wconf 77' lang='lat' dir='ltr'><em>omittunt</em></span> 
     </span>
     <span class='ocr_line' id='line_1_3' title="bbox 120 410 808 468; baseline 0.001 -17"><span class='ocrx_word' id='word_1_19' title='bbox 120 430 194 455; x_wconf 65' lang='lat' dir='ltr'><em>aon.</em></span> <span class='ocrx_word' id='word_1_20' title='bbox 307 413 452 468; x_wconf 81' lang='lat' dir='ltr'><em>pallor.</em></span> <span class='ocrx_word' id='word_1_21' title='bbox 514 410 649 454; x_wconf 84' lang='lat' dir='ltr'>Guelf.</span> <span class='ocrx_word' id='word_1_22' title='bbox 678 411 808 467; x_wconf 82' lang='lat' dir='ltr'><em>palor.</em></span> 
     </span>
    </p>

    <p class='ocr_par' dir='ltr' id='par_1_3' title="bbox 107 476 1549 602">
     <span class='ocr_line' id='line_1_4' title="bbox 218 476 1548 536; baseline -0.005 -14"><span class='ocrx_word' id='word_1_23' title='bbox 218 481 255 534; x_wconf 85' lang='lat'><em>§.</em></span> <span class='ocrx_word' id='word_1_24' title='bbox 287 486 354 522; x_wconf 86' lang='lat'><em>32.</em></span> <span class='ocrx_word' id='word_1_25' title='bbox 414 479 610 536; x_wconf 71' lang='grc' dir='ltr'><strong>ἐνάργεια.</strong></span> <span class='ocrx_word' id='word_1_26' title='bbox 677 477 796 519; x_wconf 85' lang='lat' dir='ltr'><strong>Amb.</strong></span> <span class='ocrx_word' id='word_1_27' title='bbox 824 484 860 519; x_wconf 92' lang='grc'><em>1.</em></span> <span class='ocrx_word' id='word_1_28' title='bbox 900 480 1023 518; x_wconf 78' lang='lat' dir='ltr'><em>etiam</em></span> <span class='ocrx_word' id='word_1_29' title='bbox 1061 492 1246 532; x_wconf 75' lang='grc' dir='ltr'><strong>ενεργεια.</strong></span> <span class='ocrx_word' id='word_1_30' title='bbox 1380 492 1434 516; x_wconf 70' lang='lat' dir='ltr'><em>cx</em></span> <span class='ocrx_word' id='word_1_31' title='bbox 1475 476 1548 516; x_wconf 73' lang='lat' dir='ltr'><em>his.</em></span> 
     </span>
     <span class='ocr_line' id='line_1_5' title="bbox 107 543 1549 602; baseline -0.001 -15"><span class='ocrx_word' id='word_1_32' title='bbox 107 546 230 589; x_wconf 77' lang='lat' dir='ltr'>Goth,</span> <span class='ocrx_word' id='word_1_33' title='bbox 273 565 327 588; x_wconf 70' lang='lat' dir='ltr'><em>cot·</em></span> <span class='ocrx_word' id='word_1_34' title='bbox 367 551 429 589; x_wconf 81' lang='lat' dir='ltr'><em>iis.</em></span> <span class='ocrx_word' id='word_1_35' title='bbox 542 545 697 602; x_wconf 79' lang='lat' dir='ltr'><em>pensa?</em></span> <span class='ocrx_word' id='word_1_36' title='bbox 734 546 916 602; x_wconf 79' lang='lat' dir='ltr'><em>Levique.</em></span> <span class='ocrx_word' id='word_1_37' title='bbox 975 545 1042 586; x_wconf 83' lang='lat' dir='ltr'><em>Sic</em></span> <span class='ocrx_word' id='word_1_38' title='bbox 1074 550 1195 586; x_wconf 84' lang='lat' dir='ltr'><em>etiam</em></span> <span class='ocrx_word' id='word_1_39' title='bbox 1222 543 1345 586; x_wconf 88' lang='lat' dir='ltr'><strong>Amb.</strong></span> <span class='ocrx_word' id='word_1_40' title='bbox 1371 550 1412 588; x_wconf 63' lang='lat'><em>1.⁴</em></span> <span class='ocrx_word' id='word_1_41' title='bbox 1439 543 1549 585; x_wconf 72' lang='lat' dir='ltr'>Flor-</span> 
     </span>
    </p>
   </div>
   <div class='ocr_carea' id='block_1_3' title="bbox 98 615 1553 2153">
    <p class='ocr_par' dir='ltr' id='par_1_4' title="bbox 111 615 691 669">
     <span class='ocr_line' id='line_1_6' title="bbox 111 615 691 669; baseline -0.003 -16"><span class='ocrx_word' id='word_1_42' title='bbox 111 615 260 654; x_wconf 70' lang='lat' dir='ltr'>Verum</span> <span class='ocrx_word' id='word_1_43' title='bbox 291 615 425 657; x_wconf 89' lang='lat' dir='ltr'>Guelf.</span> <span class='ocrx_word' id='word_1_44' title='bbox 456 632 498 669; x_wconf 82' lang='grc' dir='ltr'><strong>ρ.</strong></span> <span class='ocrx_word' id='word_1_45' title='bbox 528 615 691 668; x_wconf 76' lang='lat' dir='ltr'><em>leveque.</em></span> 
     </span>
    </p>

    <p class='ocr_par' dir='ltr' id='par_1_5' title="bbox 100 678 1553 1073">
     <span class='ocr_line' id='line_1_7' title="bbox 215 678 1466 737; baseline -0.004 -14"><span class='ocrx_word' id='word_1_46' title='bbox 215 687 251 734; x_wconf 84' lang='lat'><em>§.</em></span> <span class='ocrx_word' id='word_1_47' title='bbox 284 688 350 723; x_wconf 85' lang='lat'><em>33.</em></span> <span class='ocrx_word' id='word_1_48' title='bbox 407 699 536 737; x_wconf 82' lang='lat' dir='ltr'><em>equus.</em></span> <span class='ocrx_word' id='word_1_49' title='bbox 596 680 729 721; x_wconf 77' lang='lat' dir='ltr'><em>Etiam</em></span> <span class='ocrx_word' id='word_1_50' title='bbox 751 678 874 721; x_wconf 87' lang='lat' dir='ltr'><em>Amb.</em></span> <span class='ocrx_word' id='word_1_51' title='bbox 899 684 936 720; x_wconf 87' lang='lat'><em>1.</em></span> <span class='ocrx_word' id='word_1_52' title='bbox 969 679 1075 722; x_wconf 82' lang='lat' dir='ltr'>Flor.</span> <span class='ocrx_word' id='word_1_53' title='bbox 1107 680 1196 721; x_wconf 84' lang='lat' dir='ltr'><strong>Par.</strong></span> <span class='ocrx_word' id='word_1_54' title='bbox 1222 686 1259 721; x_wconf 92' lang='lat'><em>1.</em></span> <span class='ocrx_word' id='word_1_55' title='bbox 1291 689 1330 720; x_wconf 79' lang='lat' dir='ltr'><em>ct</em></span> <span class='ocrx_word' id='word_1_56' title='bbox 1357 694 1466 736; x_wconf 84' lang='lat' dir='ltr'><em>quos.</em></span> 
     </span>
     <span class='ocr_line' id='line_1_8' title="bbox 100 746 1549 803; baseline -0.003 -15"><span class='ocrx_word' id='word_1_57' title='bbox 100 751 242 802; x_wconf 78' lang='lat' dir='ltr'><em>positis</em></span> <span class='ocrx_word' id='word_1_58' title='bbox 272 753 413 803; x_wconf 76' lang='lat' dir='ltr'><em>insign.</em></span> <span class='ocrx_word' id='word_1_59' title='bbox 473 749 541 790; x_wconf 88' lang='lat' dir='ltr'><em>Sic</em></span> <span class='ocrx_word' id='word_1_60' title='bbox 572 752 694 788; x_wconf 82' lang='lat' dir='ltr'><em>etiam</em></span> <span class='ocrx_word' id='word_1_61' title='bbox 723 746 849 788; x_wconf 87' lang='lat' dir='ltr'>Amb.</span> <span class='ocrx_word' id='word_1_62' title='bbox 874 752 911 789; x_wconf 88' lang='lat'><em>1.</em></span> <span class='ocrx_word' id='word_1_63' title='bbox 941 747 1050 788; x_wconf 86' lang='lat' dir='ltr'>Flor.</span> <span class='ocrx_word' id='word_1_64' title='bbox 1081 747 1168 788; x_wconf 85' lang='lat' dir='ltr'><strong>Par.</strong></span> <span class='ocrx_word' id='word_1_65' title='bbox 1190 753 1227 789; x_wconf 89' lang='lat'><em>1.</em></span> <span class='ocrx_word' id='word_1_66' title='bbox 1253 753 1291 788; x_wconf 84' lang='lat'><em>2.</em></span> <span class='ocrx_word' id='word_1_67' title='bbox 1405 747 1549 799; x_wconf 81' lang='lat' dir='ltr'><em>insign.</em></span> 
     </span>
     <span class='ocr_line' id='line_1_9' title="bbox 107 813 1546 867; baseline -0.002 -12"><span class='ocrx_word' id='word_1_68' title='bbox 107 816 220 867; x_wconf 74' lang='lat' dir='ltr'><em>Quid.</em></span> <span class='ocrx_word' id='word_1_69' title='bbox 279 816 346 858; x_wconf 88' lang='lat' dir='ltr'><em>Sic</em></span> <span class='ocrx_word' id='word_1_70' title='bbox 378 820 500 857; x_wconf 78' lang='lat' dir='ltr'><em>etiam</em></span> <span class='ocrx_word' id='word_1_71' title='bbox 528 816 650 857; x_wconf 86' lang='lat' dir='ltr'><em>Amb.</em></span> <span class='ocrx_word' id='word_1_72' title='bbox 675 821 713 856; x_wconf 86' lang='lat'><em>1.</em></span> <span class='ocrx_word' id='word_1_73' title='bbox 744 815 852 856; x_wconf 90' lang='lat' dir='ltr'>Flor.</span> <span class='ocrx_word' id='word_1_74' title='bbox 955 815 1069 856; x_wconf 71' lang='lat' dir='ltr'><em>idem.</em></span> <span class='ocrx_word' id='word_1_75' title='bbox 1129 814 1250 856; x_wconf 85' lang='lat' dir='ltr'>Goth.</span> <span class='ocrx_word' id='word_1_76' title='bbox 1282 815 1365 856; x_wconf 80' lang='lat' dir='ltr'><em>ille.</em></span> <span class='ocrx_word' id='word_1_77' title='bbox 1479 813 1546 853; x_wconf 80' lang='lat' dir='ltr'><em>Et.</em></span> 
     </span>
     <span class='ocr_line' id='line_1_10' title="bbox 102 883 1553 937; baseline -0.002 -15"><span class='ocrx_word' id='word_1_78' title='bbox 102 884 211 924; x_wconf 85' lang='lat' dir='ltr'>Jens.</span> <span class='ocrx_word' id='word_1_79' title='bbox 242 895 298 925; x_wconf 80' lang='lat' dir='ltr'><em>ut.</em></span> <span class='ocrx_word' id='word_1_80' title='bbox 398 885 547 937; x_wconf 23' lang='lat' dir='ltr'><em>dulces..</em></span> <span class='ocrx_word' id='word_1_81' title='bbox 590 884 718 925; x_wconf 84' lang='lat' dir='ltr'><em>Amb.</em></span> <span class='ocrx_word' id='word_1_82' title='bbox 749 889 786 924; x_wconf 89' lang='lat'><em>1.</em></span> <span class='ocrx_word' id='word_1_83' title='bbox 817 883 925 924; x_wconf 89' lang='lat' dir='ltr'>Jens.</span> <span class='ocrx_word' id='word_1_84' title='bbox 959 893 999 923; x_wconf 87' lang='lat' dir='ltr'><em>et</em></span> <span class='ocrx_word' id='word_1_85' title='bbox 1030 884 1116 922; x_wconf 84' lang='lat' dir='ltr'>edd.</span> <span class='ocrx_word' id='word_1_86' title='bbox 1145 898 1257 922; x_wconf 83' lang='lat' dir='ltr'><em>meae</em></span> <span class='ocrx_word' id='word_1_87' title='bbox 1289 897 1427 922; x_wconf 85' lang='lat' dir='ltr'><em>omnes</em></span> <span class='ocrx_word' id='word_1_88' title='bbox 1457 894 1553 920; x_wconf 87' lang='lat' dir='ltr'><em>cum</em></span> 
     </span>
     <span class='ocr_line' id='line_1_11' title="bbox 104 948 1549 1004; baseline -0.002 -14"><span class='ocrx_word' id='word_1_89' title='bbox 104 955 158 991; x_wconf 80' lang='lat' dir='ltr'><em>eis</em></span> <span class='ocrx_word' id='word_1_90' title='bbox 189 968 250 1004; x_wconf 62' lang='grc' dir='ltr'><strong>ΒΡ.</strong></span> <span class='ocrx_word' id='word_1_91' title='bbox 280 951 422 993; x_wconf 86' lang='lat' dir='ltr'>Burm.</span> <span class='ocrx_word' id='word_1_92' title='bbox 456 952 605 1003; x_wconf 73' lang='lat' dir='ltr'><em>dulcis,</em></span> <span class='ocrx_word' id='word_1_93' title='bbox 646 968 732 992; x_wconf 84' lang='lat' dir='ltr'>exc.</span> <span class='ocrx_word' id='word_1_94' title='bbox 773 950 903 991; x_wconf 86' lang='lat' dir='ltr'>Stoer.</span> <span class='ocrx_word' id='word_1_95' title='bbox 945 949 1116 992; x_wconf 84' lang='lat' dir='ltr'>Chouet.</span> <span class='ocrx_word' id='word_1_96' title='bbox 1149 948 1259 992; x_wconf 88' lang='lat' dir='ltr'><em>Gibs.</em></span> <span class='ocrx_word' id='word_1_97' title='bbox 1284 949 1408 1001; x_wconf 87' lang='lat' dir='ltr'>Obr.‚</span> <span class='ocrx_word' id='word_1_98' title='bbox 1445 962 1549 1003; x_wconf 82' lang='lat' dir='ltr'>quae</span> 
     </span>
     <span class='ocr_line' id='line_1_12' title="bbox 104 1018 1063 1073; baseline 0.004 -17"><span class='ocrx_word' id='word_1_99' title='bbox 104 1019 262 1061; x_wconf 74' lang='lat' dir='ltr'><em>dulceis.</em></span> <span class='ocrx_word' id='word_1_100' title='bbox 375 1020 527 1073; x_wconf 76' lang='lat' dir='ltr'><em>Argos.</em></span> <span class='ocrx_word' id='word_1_101' title='bbox 586 1018 720 1060; x_wconf 85' lang='lat' dir='ltr'>Guelf.</span> <span class='ocrx_word' id='word_1_102' title='bbox 756 1018 896 1072; x_wconf 85' lang='lat' dir='ltr'><strong>Camp.</strong></span> <span class='ocrx_word' id='word_1_103' title='bbox 930 1035 1063 1072; x_wconf 79' lang='lat' dir='ltr'><em>agros.</em></span> 
     </span>
    </p>

    <p class='ocr_par' dir='ltr' id='par_1_6' title="bbox 101 1085 1549 1412">
     <span class='ocr_line' id='line_1_13' title="bbox 216 1085 1548 1142; baseline -0.005 -14"><span class='ocrx_word' id='word_1_104' title='bbox 216 1092 252 1140; x_wconf 88' lang='lat'><em>§.</em></span> <span class='ocrx_word' id='word_1_105' title='bbox 286 1089 350 1129; x_wconf 82' lang='lat'><em>34.</em></span> <span class='ocrx_word' id='word_1_106' title='bbox 408 1104 608 1142; x_wconf 79' lang='lat' dir='ltr'><em>queremur</em></span> <span class='ocrx_word' id='word_1_107' title='bbox 637 1103 721 1127; x_wconf 81' lang='lat' dir='ltr'><em>ace.</em></span> <span class='ocrx_word' id='word_1_108' title='bbox 779 1086 846 1126; x_wconf 83' lang='lat' dir='ltr'><em>Sic</em></span> <span class='ocrx_word' id='word_1_109' title='bbox 877 1089 999 1126; x_wconf 84' lang='lat' dir='ltr'><em>etiam</em></span> <span class='ocrx_word' id='word_1_110' title='bbox 1026 1085 1154 1127; x_wconf 79' lang='lat' dir='ltr'><em>Aan.</em></span> <span class='ocrx_word' id='word_1_111' title='bbox 1184 1090 1222 1126; x_wconf 88' lang='grc'><em>1.</em></span> <span class='ocrx_word' id='word_1_112' title='bbox 1289 1099 1484 1140; x_wconf 81' lang='lat' dir='ltr'><em>queremus</em></span> <span class='ocrx_word' id='word_1_113' title='bbox 1509 1098 1548 1122; x_wconf 84' lang='lat' dir='ltr'><em>a.</em></span> 
     </span>
     <span class='ocr_line' id='line_1_14' title="bbox 102 1149 1547 1207; baseline -0.003 -14"><span class='ocrx_word' id='word_1_114' title='bbox 102 1154 208 1195; x_wconf 76' lang='lat' dir='ltr'>Flor.</span> <span class='ocrx_word' id='word_1_115' title='bbox 298 1155 355 1196; x_wconf 70' lang='lat' dir='ltr'><em>id.</em></span> <span class='ocrx_word' id='word_1_116' title='bbox 404 1155 530 1195; x_wconf 84' lang='lat' dir='ltr'><strong>Amb.</strong></span> <span class='ocrx_word' id='word_1_117' title='bbox 556 1161 593 1195; x_wconf 88' lang='lat'><em>1.</em></span> <span class='ocrx_word' id='word_1_118' title='bbox 624 1155 731 1195; x_wconf 85' lang='lat' dir='ltr'>Flor.</span> <span class='ocrx_word' id='word_1_119' title='bbox 761 1158 882 1194; x_wconf 77' lang='lat' dir='ltr'><em>etiam</em></span> <span class='ocrx_word' id='word_1_120' title='bbox 911 1157 963 1194; x_wconf 75' lang='lat' dir='ltr'><em>ia.</em></span> <span class='ocrx_word' id='word_1_121' title='bbox 1049 1154 1215 1207; x_wconf 75' lang='lat' dir='ltr'><em>indigna</em></span> <span class='ocrx_word' id='word_1_122' title='bbox 1241 1156 1390 1192; x_wconf 76' lang='lat' dir='ltr'><em>tristia.</em></span> <span class='ocrx_word' id='word_1_123' title='bbox 1439 1149 1547 1190; x_wconf 80' lang='lat' dir='ltr'>Flor.</span> 
     </span>
     <span class='ocr_line' id='line_1_15' title="bbox 103 1218 1547 1277; baseline -0.003 -16"><span class='ocrx_word' id='word_1_124' title='bbox 103 1226 225 1262; x_wconf 73' lang='lat' dir='ltr'>etlam</span> <span class='ocrx_word' id='word_1_125' title='bbox 253 1233 322 1264; x_wconf 81' lang='lat' dir='ltr'><em>aut</em></span> <span class='ocrx_word' id='word_1_126' title='bbox 352 1223 473 1276; x_wconf 71' lang='lat' dir='ltr'><em>digna</em></span> <span class='ocrx_word' id='word_1_127' title='bbox 502 1225 679 1263; x_wconf 75' lang='lat' dir='ltr'><em>tristitia.</em></span> <span class='ocrx_word' id='word_1_128' title='bbox 775 1239 975 1277; x_wconf 76' lang='lat' dir='ltr'><em>queremur</em></span> <span class='ocrx_word' id='word_1_129' title='bbox 1002 1238 1084 1262; x_wconf 79' lang='lat' dir='ltr'><em>nec.</em></span> <span class='ocrx_word' id='word_1_130' title='bbox 1128 1221 1196 1262; x_wconf 86' lang='lat' dir='ltr'><em>Sic</em></span> <span class='ocrx_word' id='word_1_131' title='bbox 1217 1224 1339 1260; x_wconf 76' lang='lat' dir='ltr'><em>etiam</em></span> <span class='ocrx_word' id='word_1_132' title='bbox 1354 1218 1482 1259; x_wconf 84' lang='lat' dir='ltr'><em>Amb.</em></span> <span class='ocrx_word' id='word_1_133' title='bbox 1508 1221 1547 1256; x_wconf 88' lang='grc'><em>1.</em></span> 
     </span>
     <span class='ocr_line' id='line_1_16' title="bbox 101 1285 1549 1332; baseline -0.005 -3"><span class='ocrx_word' id='word_1_134' title='bbox 101 1289 208 1331; x_wconf 80' lang='lat' dir='ltr'>Flor.</span> <span class='ocrx_word' id='word_1_135' title='bbox 304 1302 426 1331; x_wconf 77' lang='lat' dir='ltr'><em>nostr.</em></span> <span class='ocrx_word' id='word_1_136' title='bbox 458 1293 543 1330; x_wconf 86' lang='lat' dir='ltr'><em>sim.</em></span> <span class='ocrx_word' id='word_1_137' title='bbox 587 1290 655 1332; x_wconf 87' lang='lat' dir='ltr'><em>Sic</em></span> <span class='ocrx_word' id='word_1_138' title='bbox 685 1291 805 1329; x_wconf 79' lang='lat' dir='ltr'><em>etiam</em></span> <span class='ocrx_word' id='word_1_139' title='bbox 833 1288 939 1329; x_wconf 88' lang='lat' dir='ltr'>Flor.</span> <span class='ocrx_word' id='word_1_140' title='bbox 1037 1305 1143 1329; x_wconf 83' lang='lat' dir='ltr'><em>casu.</em></span> <span class='ocrx_word' id='word_1_141' title='bbox 1173 1286 1302 1328; x_wconf 88' lang='lat' dir='ltr'><em>Amb.</em></span> <span class='ocrx_word' id='word_1_142' title='bbox 1325 1292 1364 1329; x_wconf 86' lang='grc'><em>1.</em></span> <span class='ocrx_word' id='word_1_143' title='bbox 1411 1285 1549 1326; x_wconf 77' lang='lat' dir='ltr'><em>Turio.</em></span> 
     </span>
     <span class='ocr_line' id='line_1_17' title="bbox 103 1354 1518 1412; baseline -0.004 -16"><span class='ocrx_word' id='word_1_144' title='bbox 103 1374 125 1396; x_wconf 84' lang='lat' dir='ltr'>a</span> <span class='ocrx_word' id='word_1_145' title='bbox 145 1373 204 1412; x_wconf 84' lang='lat' dir='ltr'><em>pr.</em></span> <span class='ocrx_word' id='word_1_146' title='bbox 228 1373 283 1397; x_wconf 87' lang='lat' dir='ltr'><em>m.</em></span> <span class='ocrx_word' id='word_1_147' title='bbox 315 1375 442 1398; x_wconf 76' lang='lat' dir='ltr'><em>casus,</em></span> <span class='ocrx_word' id='word_1_148' title='bbox 558 1374 732 1397; x_wconf 81' lang='lat' dir='ltr'><em>essemus.</em></span> <span class='ocrx_word' id='word_1_149' title='bbox 790 1354 914 1398; x_wconf 87' lang='lat' dir='ltr'><em>Amb.</em></span> <span class='ocrx_word' id='word_1_150' title='bbox 939 1361 976 1398; x_wconf 87' lang='lat'><em>1.</em></span> <span class='ocrx_word' id='word_1_151' title='bbox 1015 1357 1121 1397; x_wconf 87' lang='lat' dir='ltr'>Flor.</span> <span class='ocrx_word' id='word_1_152' title='bbox 1135 1359 1258 1395; x_wconf 79' lang='lat' dir='ltr'><em>etiam</em></span> <span class='ocrx_word' id='word_1_153' title='bbox 1277 1355 1518 1394; x_wconf 71' lang='lat' dir='ltr'><em>vidissemus.</em></span> 
     </span>
    </p>

    <p class='ocr_par' dir='ltr' id='par_1_7' title="bbox 98 1419 1550 1615">
     <span class='ocr_line' id='line_1_18' title="bbox 216 1419 1549 1480; baseline -0.005 -17"><span class='ocrx_word' id='word_1_154' title='bbox 216 1425 247 1478; x_wconf 89' lang='lat'><em>§.</em></span> <span class='ocrx_word' id='word_1_155' title='bbox 281 1430 346 1466; x_wconf 86' lang='lat'><em>35.</em></span> <span class='ocrx_word' id='word_1_156' title='bbox 403 1434 441 1464; x_wconf 83' lang='lat' dir='ltr'><em>et</em></span> <span class='ocrx_word' id='word_1_157' title='bbox 469 1449 526 1459; x_wconf 86' lang='lat'><em>·--</em></span> <span class='ocrx_word' id='word_1_158' title='bbox 551 1441 767 1480; x_wconf 84' lang='lat' dir='ltr'><em>possumus.</em></span> <span class='ocrx_word' id='word_1_159' title='bbox 824 1423 892 1464; x_wconf 83' lang='lat' dir='ltr'><em>Sic</em></span> <span class='ocrx_word' id='word_1_160' title='bbox 933 1427 1053 1464; x_wconf 80' lang='lat' dir='ltr'><em>etiam</em></span> <span class='ocrx_word' id='word_1_161' title='bbox 1089 1423 1217 1464; x_wconf 77' lang='lat' dir='ltr'><em>Aan.</em></span> <span class='ocrx_word' id='word_1_162' title='bbox 1252 1427 1290 1462; x_wconf 90' lang='lat'><em>1.</em></span> <span class='ocrx_word' id='word_1_163' title='bbox 1320 1422 1425 1461; x_wconf 84' lang='lat' dir='ltr'>Flor.</span> <span class='ocrx_word' id='word_1_164' title='bbox 1455 1419 1549 1459; x_wconf 85' lang='lat' dir='ltr'>Par.</span> 
     </span>
     <span class='ocr_line' id='line_1_19' title="bbox 103 1487 1550 1545; baseline -0.006 -12"><span class='ocrx_word' id='word_1_165' title='bbox 103 1499 140 1535; x_wconf 85' lang='lat'><em>1.</em></span> <span class='ocrx_word' id='word_1_166' title='bbox 254 1493 337 1531; x_wconf 76' lang='lat' dir='ltr'><em>deb.</em></span> <span class='ocrx_word' id='word_1_167' title='bbox 377 1504 412 1531; x_wconf 84' lang='lat' dir='ltr'><em>et</em></span> <span class='ocrx_word' id='word_1_168' title='bbox 449 1507 551 1533; x_wconf 81' lang='lat' dir='ltr'><em>mov.</em></span> <span class='ocrx_word' id='word_1_169' title='bbox 611 1491 722 1533; x_wconf 85' lang='lat' dir='ltr'><strong>Sich.</strong></span> <span class='ocrx_word' id='word_1_170' title='bbox 764 1506 843 1532; x_wconf 89' lang='lat' dir='ltr'><em>om.</em></span> <span class='ocrx_word' id='word_1_171' title='bbox 881 1500 932 1531; x_wconf 81' lang='lat' dir='ltr'><em>et.</em></span> <span class='ocrx_word' id='word_1_172' title='bbox 1041 1505 1258 1545; x_wconf 80' lang='lat' dir='ltr'><em>possumus,</em></span> <span class='ocrx_word' id='word_1_173' title='bbox 1316 1487 1428 1529; x_wconf 78' lang='lat' dir='ltr'><strong>Sich.</strong></span> <span class='ocrx_word' id='word_1_174' title='bbox 1454 1502 1550 1541; x_wconf 86' lang='lat' dir='ltr'><em>pos-</em></span> 
     </span>
     <span class='ocr_line' id='line_1_20' title="bbox 98 1577 230 1615; baseline 0.015 -15"><span class='ocrx_word' id='word_1_175' title='bbox 98 1577 230 1615; x_wconf 73' lang='lat' dir='ltr'><em>SlmuSo</em></span> 
     </span>
    </p>

    <p class='ocr_par' dir='ltr' id='par_1_8' title="bbox 102 1621 1550 2086">
     <span class='ocr_line' id='line_1_21' title="bbox 216 1621 1550 1682; baseline -0.007 -14"><span class='ocrx_word' id='word_1_176' title='bbox 216 1627 310 1682; x_wconf 84' lang='lat' dir='ltr'><em>[De</em></span> <span class='ocrx_word' id='word_1_177' title='bbox 352 1628 579 1668; x_wconf 78' lang='lat' dir='ltr'><em>discrimine</em></span> <span class='ocrx_word' id='word_1_178' title='bbox 617 1626 825 1666; x_wconf 75' lang='lat' dir='ltr'><em>histrionis</em></span> <span class='ocrx_word' id='word_1_179' title='bbox 864 1634 903 1666; x_wconf 87' lang='lat' dir='ltr'><em>et</em></span> <span class='ocrx_word' id='word_1_180' title='bbox 942 1623 1117 1665; x_wconf 74' lang='lat' dir='ltr'><em>comoedi</em></span> <span class='ocrx_word' id='word_1_181' title='bbox 1155 1626 1206 1664; x_wconf 87' lang='lat' dir='ltr'><em>cf.</em></span> <span class='ocrx_word' id='word_1_182' title='bbox 1240 1622 1402 1664; x_wconf 82' lang='lat' dir='ltr'><em>Censor.</em></span> <span class='ocrx_word' id='word_1_183' title='bbox 1430 1621 1550 1671; x_wconf 85' lang='lat' dir='ltr'><em>hujus</em></span> 
     </span>
     <span class='ocr_line' id='line_1_22' title="bbox 102 1691 1550 1746; baseline -0.008 -10"><span class='ocrx_word' id='word_1_184' title='bbox 102 1698 286 1736; x_wconf 73' lang='lat' dir='ltr'><em>editionis</em></span> <span class='ocrx_word' id='word_1_185' title='bbox 324 1698 369 1733; x_wconf 79' lang='lat' dir='ltr'><em>in</em></span> <span class='ocrx_word' id='word_1_186' title='bbox 410 1694 519 1746; x_wconf 83' lang='lat' dir='ltr'>Allg.</span> <span class='ocrx_word' id='word_1_187' title='bbox 559 1692 639 1733; x_wconf 70' lang='lat' dir='ltr'><em>Lit,</em></span> <span class='ocrx_word' id='word_1_188' title='bbox 677 1691 782 1732; x_wconf 79' lang='lat' dir='ltr'>Zeit.</span> <span class='ocrx_word' id='word_1_189' title='bbox 823 1707 856 1733; x_wconf 81' lang='lat' dir='ltr'><em>a.</em></span> <span class='ocrx_word' id='word_1_190' title='bbox 900 1694 1022 1732; x_wconf 80' lang='lat'><strong>1804.</strong></span> <span class='ocrx_word' id='word_1_191' title='bbox 1059 1691 1306 1731; x_wconf 76' lang='lat' dir='ltr'><em>Histrionem</em></span> <span class='ocrx_word' id='word_1_192' title='bbox 1334 1691 1476 1727; x_wconf 79' lang='lat' dir='ltr'><em>saltare</em></span> <span class='ocrx_word' id='word_1_193' title='bbox 1509 1695 1550 1726; x_wconf 90' lang='lat' dir='ltr'><em>et</em></span> 
     </span>
     <span class='ocr_line' id='line_1_23' title="bbox 102 1757 1549 1816; baseline -0.007 -14"><span class='ocrx_word' id='word_1_194' title='bbox 102 1765 348 1816; x_wconf 78' lang='lat' dir='ltr'><em>gesticulari‚</em></span> <span class='ocrx_word' id='word_1_195' title='bbox 399 1762 637 1813; x_wconf 82' lang='lat' dir='ltr'>tragoedum</span> <span class='ocrx_word' id='word_1_196' title='bbox 674 1763 757 1799; x_wconf 82' lang='lat' dir='ltr'><em>sive</em></span> <span class='ocrx_word' id='word_1_197' title='bbox 795 1759 1036 1799; x_wconf 87' lang='lat' dir='ltr'>comoedum</span> <span class='ocrx_word' id='word_1_198' title='bbox 1065 1773 1164 1798; x_wconf 85' lang='lat' dir='ltr'>voce</span> <span class='ocrx_word' id='word_1_199' title='bbox 1193 1759 1254 1796; x_wconf 82' lang='lat' dir='ltr'><em>uti</em></span> <span class='ocrx_word' id='word_1_200' title='bbox 1283 1757 1422 1796; x_wconf 74' lang='lat' dir='ltr'>docet:</span> <span class='ocrx_word' id='word_1_201' title='bbox 1469 1757 1549 1793; x_wconf 86' lang='lat' dir='ltr'><em>ita-</em></span> 
     </span>
     <span class='ocr_line' id='line_1_24' title="bbox 104 1819 1547 1885; baseline -0.006 -16"><span class='ocrx_word' id='word_1_202' title='bbox 104 1846 181 1885; x_wconf 86' lang='lat' dir='ltr'><em>que</em></span> <span class='ocrx_word' id='word_1_203' title='bbox 207 1829 434 1882; x_wconf 80' lang='lat' dir='ltr'><em>Agrippam</em></span> <span class='ocrx_word' id='word_1_204' title='bbox 461 1831 633 1866; x_wconf 82' lang='lat' dir='ltr'><em>mimum</em></span> <span class='ocrx_word' id='word_1_205' title='bbox 651 1859 662 1878; x_wconf 85' lang='lat'>‚</span> <span class='ocrx_word' id='word_1_206' title='bbox 713 1830 822 1878; x_wconf 86' lang='lat' dir='ltr'><em>cujus</em></span> <span class='ocrx_word' id='word_1_207' title='bbox 852 1827 1082 1865; x_wconf 85' lang='lat' dir='ltr'><em>meminerit</em></span> <span class='ocrx_word' id='word_1_208' title='bbox 1110 1823 1348 1865; x_wconf 84' lang='lat' dir='ltr'>Athenaeus</span> <span class='ocrx_word' id='word_1_209' title='bbox 1377 1822 1484 1875; x_wconf 86' lang='lat' dir='ltr'><strong>Epit.</strong></span> <span class='ocrx_word' id='word_1_210' title='bbox 1513 1819 1547 1870; x_wconf 87' lang='lat' dir='ltr'><em>I,</em></span> 
     </span>
     <span class='ocr_line' id='line_1_25' title="bbox 106 1889 1548 1950; baseline -0.007 -12"><span class='ocrx_word' id='word_1_211' title='bbox 106 1904 156 1938; x_wconf 77' lang='lat' dir='ltr'><em>3ss</em></span> <span class='ocrx_word' id='word_1_212' title='bbox 187 1914 226 1950; x_wconf 88' lang='lat' dir='ltr'><em>p.</em></span> <span class='ocrx_word' id='word_1_213' title='bbox 251 1903 317 1944; x_wconf 87' lang='lat'><em>20,</em></span> <span class='ocrx_word' id='word_1_214' title='bbox 351 1895 397 1946; x_wconf 89' lang='lat' dir='ltr'><em>C,</em></span> <span class='ocrx_word' id='word_1_215' title='bbox 429 1911 451 1934; x_wconf 84' lang='lat' dir='ltr'><em>a</em></span> <span class='ocrx_word' id='word_1_216' title='bbox 482 1895 708 1948; x_wconf 79' lang='lat' dir='ltr'><em>Capitolino</em></span> <span class='ocrx_word' id='word_1_217' title='bbox 738 1897 784 1932; x_wconf 79' lang='lat' dir='ltr'><em>in</em></span> <span class='ocrx_word' id='word_1_218' title='bbox 812 1896 894 1933; x_wconf 71' lang='lat' dir='ltr'><em>vita</em></span> <span class='ocrx_word' id='word_1_219' title='bbox 922 1892 1027 1933; x_wconf 86' lang='lat' dir='ltr'>Veri·</span> <span class='ocrx_word' id='word_1_220' title='bbox 1056 1889 1156 1944; x_wconf 86' lang='lat' dir='ltr'><strong>Imp.</strong></span> <span class='ocrx_word' id='word_1_221' title='bbox 1187 1907 1217 1930; x_wconf 77' lang='lat' dir='ltr'><em>c,</em></span> <span class='ocrx_word' id='word_1_222' title='bbox 1246 1895 1271 1931; x_wconf 87' lang='lat'>8</span> <span class='ocrx_word' id='word_1_223' title='bbox 1309 1890 1548 1929; x_wconf 83' lang='lat' dir='ltr'><em>histrionem</em></span> 
     </span>
     <span class='ocr_line' id='line_1_26' title="bbox 105 1957 1548 2018; baseline -0.007 -14"><span class='ocrx_word' id='word_1_224' title='bbox 105 1966 318 2018; x_wconf 77' lang='lat' dir='ltr'>appellari,</span> <span class='ocrx_word' id='word_1_225' title='bbox 360 1971 401 2002; x_wconf 86' lang='lat' dir='ltr'><em>et</em></span> <span class='ocrx_word' id='word_1_226' title='bbox 430 1978 452 2002; x_wconf 86' lang='lat' dir='ltr'>a</span> <span class='ocrx_word' id='word_1_227' title='bbox 483 1961 675 2003; x_wconf 85' lang='lat' dir='ltr'>Cicerone</span> <span class='ocrx_word' id='word_1_228' title='bbox 706 1963 754 2001; x_wconf 85' lang='lat' dir='ltr'><em>de</em></span> <span class='ocrx_word' id='word_1_229' title='bbox 786 1961 902 2002; x_wconf 80' lang='lat' dir='ltr'><strong>Orat.</strong></span> <span class='ocrx_word' id='word_1_230' title='bbox 923 1958 955 2010; x_wconf 82' lang='lat' dir='ltr'><em>I,</em></span> <span class='ocrx_word' id='word_1_231' title='bbox 982 1964 1034 2001; x_wconf 73' lang='lat'><em>59</em></span> <span class='ocrx_word' id='word_1_232' title='bbox 1066 1961 1200 2012; x_wconf 84' lang='lat'><strong>§.251</strong></span> <span class='ocrx_word' id='word_1_233' title='bbox 1233 1957 1485 1996; x_wconf 74' lang='lat' dir='ltr'><em>histrionibus</em></span> <span class='ocrx_word' id='word_1_234' title='bbox 1504 1960 1548 1995; x_wconf 82' lang='lat' dir='ltr'><em>in</em></span> 
     </span>
     <span class='ocr_line' id='line_1_27' title="bbox 103 2022 1547 2086; baseline -0.006 -15"><span class='ocrx_word' id='word_1_235' title='bbox 103 2042 217 2086; x_wconf 83' lang='lat' dir='ltr'>gestu</span> <span class='ocrx_word' id='word_1_236' title='bbox 246 2032 434 2071; x_wconf 85' lang='lat' dir='ltr'><em>discendo</em></span> <span class='ocrx_word' id='word_1_237' title='bbox 466 2032 757 2070; x_wconf 83' lang='lat' dir='ltr'>elaborantibus</span> <span class='ocrx_word' id='word_1_238' title='bbox 788 2031 938 2082; x_wconf 88' lang='lat' dir='ltr'>opponi</span> <span class='ocrx_word' id='word_1_239' title='bbox 959 2026 1167 2080; x_wconf 71' lang='lat' dir='ltr'><em>tragoedos</em></span> <span class='ocrx_word' id='word_1_240' title='bbox 1189 2028 1279 2066; x_wconf 84' lang='lat' dir='ltr'><em>voci</em></span> <span class='ocrx_word' id='word_1_241' title='bbox 1299 2022 1547 2075; x_wconf 74' lang='lat' dir='ltr'><em>servientes]</em></span> 
     </span>
    </p>

    <p class='ocr_par' dir='ltr' id='par_1_9' title="bbox 215 2093 1547 2153">
     <span class='ocr_line' id='line_1_28' title="bbox 215 2093 1547 2153; baseline -0.007 -14"><span class='ocrx_word' id='word_1_242' title='bbox 215 2104 251 2153; x_wconf 85' lang='lat'><em>§.</em></span> <span class='ocrx_word' id='word_1_243' title='bbox 280 2103 343 2139; x_wconf 87' lang='grc'><strong>36.</strong></span> <span class='ocrx_word' id='word_1_244' title='bbox 402 2114 547 2153; x_wconf 81' lang='lat' dir='ltr'>quoque</span> <span class='ocrx_word' id='word_1_245' title='bbox 578 2097 701 2137; x_wconf 81' lang='lat' dir='ltr'><em>rebus.</em></span> <span class='ocrx_word' id='word_1_246' title='bbox 746 2096 814 2138; x_wconf 77' lang='lat' dir='ltr'><em>Sic</em></span> <span class='ocrx_word' id='word_1_247' title='bbox 840 2099 962 2136; x_wconf 82' lang='lat' dir='ltr'><em>etiam</em></span> <span class='ocrx_word' id='word_1_248' title='bbox 990 2095 1097 2135; x_wconf 83' lang='lat' dir='ltr'>Flor.</span> <span class='ocrx_word' id='word_1_249' title='bbox 1123 2093 1214 2134; x_wconf 83' lang='lat' dir='ltr'>I&#39;ar.</span> <span class='ocrx_word' id='word_1_250' title='bbox 1237 2098 1274 2134; x_wconf 86' lang='lat'><em>1.</em></span> <span class='ocrx_word' id='word_1_251' title='bbox 1293 2099 1333 2134; x_wconf 84' lang='lat'><em>2.</em></span> <span class='ocrx_word' id='word_1_252' title='bbox 1418 2107 1547 2131; x_wconf 77' lang='lat' dir='ltr'><em>veras.</em></span> 
     </span>
    </p>
   </div>
   <div class='ocr_carea' id='block_1_4' title="bbox 104 2159 1549 2356">
    <p class='ocr_par' dir='ltr' id='par_1_10' title="bbox 104 2159 1549 2356">
     <span class='ocr_line' id='line_1_29' title="bbox 104 2159 1549 2220; baseline -0.008 -12"><span class='ocrx_word' id='word_1_253' title='bbox 104 2167 241 2208; x_wconf 85' lang='lat' dir='ltr'>Turio.</span> <span class='ocrx_word' id='word_1_254' title='bbox 273 2182 296 2205; x_wconf 83' lang='lat' dir='ltr'>a</span> <span class='ocrx_word' id='word_1_255' title='bbox 323 2182 382 2220; x_wconf 81' lang='lat' dir='ltr'><em>pr.</em></span> <span class='ocrx_word' id='word_1_256' title='bbox 412 2180 467 2204; x_wconf 83' lang='lat' dir='ltr'><em>m.</em></span> <span class='ocrx_word' id='word_1_257' title='bbox 500 2181 606 2206; x_wconf 83' lang='lat' dir='ltr'><em>vcra.</em></span> <span class='ocrx_word' id='word_1_258' title='bbox 718 2163 834 2219; x_wconf 76' lang='lat' dir='ltr'>quod.</span> <span class='ocrx_word' id='word_1_259' title='bbox 893 2163 1000 2203; x_wconf 85' lang='lat' dir='ltr'>Flor.</span> <span class='ocrx_word' id='word_1_260' title='bbox 1033 2165 1155 2202; x_wconf 81' lang='lat' dir='ltr'><em>etiam</em></span> <span class='ocrx_word' id='word_1_261' title='bbox 1185 2163 1293 2217; x_wconf 80' lang='lat' dir='ltr'><em>quia.</em></span> <span class='ocrx_word' id='word_1_262' title='bbox 1399 2159 1485 2199; x_wconf 74' lang='lat' dir='ltr'><em>illic</em></span> <span class='ocrx_word' id='word_1_263' title='bbox 1506 2169 1549 2197; x_wconf 84' lang='lat' dir='ltr'><em>ut</em></span> 
     </span>
     <span class='ocr_line' id='line_1_30' title="bbox 104 2226 1548 2284; baseline -0.006 -10"><span class='ocrx_word' id='word_1_264' title='bbox 104 2235 167 2275; x_wconf 79' lang='lat' dir='ltr'><em>lit.</em></span> <span class='ocrx_word' id='word_1_265' title='bbox 224 2232 347 2274; x_wconf 87' lang='lat' dir='ltr'><strong>Amb.</strong></span> <span class='ocrx_word' id='word_1_266' title='bbox 383 2239 420 2274; x_wconf 85' lang='lat'><em>1.</em></span> <span class='ocrx_word' id='word_1_267' title='bbox 460 2231 568 2272; x_wconf 85' lang='lat' dir='ltr'>Flor.</span> <span class='ocrx_word' id='word_1_268' title='bbox 610 2234 732 2272; x_wconf 82' lang='lat' dir='ltr'><em>etiam</em></span> <span class='ocrx_word' id='word_1_269' title='bbox 769 2231 834 2270; x_wconf 82' lang='lat' dir='ltr'><em>illi</em></span> <span class='ocrx_word' id='word_1_270' title='bbox 872 2229 929 2271; x_wconf 79' lang='lat' dir='ltr'><em>lit.</em></span> <span class='ocrx_word' id='word_1_271' title='bbox 1054 2228 1259 2284; x_wconf 78' lang='lat' dir='ltr'><em>loquimur.</em></span> <span class='ocrx_word' id='word_1_272' title='bbox 1319 2226 1457 2281; x_wconf 85' lang='lat' dir='ltr'><strong>Camp.</strong></span> <span class='ocrx_word' id='word_1_273' title='bbox 1487 2226 1548 2266; x_wconf 82' lang='grc' dir='ltr'><em>Ζο-</em></span> 
     </span>
     <span class='ocr_line' id='line_1_31' title="bbox 105 2293 1549 2356; baseline -0.005 -16"><span class='ocrx_word' id='word_1_274' title='bbox 105 2312 285 2356; x_wconf 72' lang='grc' dir='ltr'><em>ᾳιιιινιΐιιν.</em></span> <span class='ocrx_word' id='word_1_275' title='bbox 397 2299 650 2356; x_wconf 59' lang='lat' dir='ltr'><em>nmff&#39;ragum.</em></span> <span class='ocrx_word' id='word_1_276' title='bbox 709 2298 844 2339; x_wconf 78' lang='lat' dir='ltr'>Turic.</span> <span class='ocrx_word' id='word_1_277' title='bbox 873 2313 896 2338; x_wconf 87' lang='lat' dir='ltr'>a</span> <span class='ocrx_word' id='word_1_278' title='bbox 914 2313 972 2352; x_wconf 84' lang='lat' dir='ltr'><em>pr.</em></span> <span class='ocrx_word' id='word_1_279' title='bbox 993 2311 1048 2338; x_wconf 87' lang='lat' dir='ltr'><em>m.</em></span> <span class='ocrx_word' id='word_1_280' title='bbox 1075 2295 1342 2353; x_wconf 67' lang='lat' dir='ltr'><em>naufivgium.</em></span> <span class='ocrx_word' id='word_1_281' title='bbox 1455 2293 1549 2349; x_wconf 69' lang='lat' dir='ltr'><em>quial</em></span> 
     </span>
    </p>
   </div>
   <div class='ocr_carea' id='block_1_5' title="bbox 104 2362 1548 2757">
    <p class='ocr_par' dir='ltr' id='par_1_11' title="bbox 105 2362 1543 2417">
     <span class='ocr_line' id='line_1_32' title="bbox 105 2362 1543 2417; baseline -0.006 -7"><span class='ocrx_word' id='word_1_282' title='bbox 105 2379 178 2410; x_wconf 72' lang='lat' dir='ltr'><em>att.</em></span> <span class='ocrx_word' id='word_1_283' title='bbox 237 2367 305 2408; x_wconf 81' lang='lat' dir='ltr'><em>Sic</em></span> <span class='ocrx_word' id='word_1_284' title='bbox 335 2370 455 2408; x_wconf 82' lang='lat' dir='ltr'><em>etiam</em></span> <span class='ocrx_word' id='word_1_285' title='bbox 486 2367 591 2406; x_wconf 88' lang='lat' dir='ltr'>Flor.</span> <span class='ocrx_word' id='word_1_286' title='bbox 647 2366 707 2407; x_wconf 85' lang='lat' dir='ltr'><em>At</em></span> <span class='ocrx_word' id='word_1_287' title='bbox 734 2364 861 2406; x_wconf 87' lang='lat' dir='ltr'><strong>Amb.</strong></span> <span class='ocrx_word' id='word_1_288' title='bbox 894 2370 932 2406; x_wconf 90' lang='lat'><em>1.</em></span> <span class='ocrx_word' id='word_1_289' title='bbox 963 2364 1099 2405; x_wconf 79' lang='lat' dir='ltr'><em>Turio.</em></span> <span class='ocrx_word' id='word_1_290' title='bbox 1127 2378 1150 2403; x_wconf 81' lang='lat' dir='ltr'>a</span> <span class='ocrx_word' id='word_1_291' title='bbox 1175 2379 1235 2417; x_wconf 89' lang='lat' dir='ltr'><em>pr.</em></span> <span class='ocrx_word' id='word_1_292' title='bbox 1259 2379 1314 2403; x_wconf 89' lang='lat' dir='ltr'><em>m.</em></span> <span class='ocrx_word' id='word_1_293' title='bbox 1339 2362 1442 2417; x_wconf 74' lang='lat' dir='ltr'><em>quod</em></span> <span class='ocrx_word' id='word_1_294' title='bbox 1471 2373 1543 2402; x_wconf 75' lang='lat' dir='ltr'><em>att.</em></span> 
     </span>
    </p>

    <p class='ocr_par' dir='ltr' id='par_1_12' title="bbox 104 2429 1548 2757">
     <span class='ocr_line' id='line_1_33' title="bbox 188 2429 1546 2491; baseline -0.004 -17"><span class='ocrx_word' id='word_1_295' title='bbox 188 2435 366 2491; x_wconf 76' lang='lat' dir='ltr'><em>affictus.</em></span> <span class='ocrx_word' id='word_1_296' title='bbox 427 2433 550 2475; x_wconf 82' lang='lat' dir='ltr'>Goth.</span> <span class='ocrx_word' id='word_1_297' title='bbox 583 2434 783 2490; x_wconf 75' lang='lat' dir='ltr'><em>affictum.</em></span> <span class='ocrx_word' id='word_1_298' title='bbox 878 2435 1123 2473; x_wconf 80' lang='lat' dir='ltr'><em>assumimus.</em></span> <span class='ocrx_word' id='word_1_299' title='bbox 1170 2430 1278 2470; x_wconf 89' lang='lat' dir='ltr'>Flor.</span> <span class='ocrx_word' id='word_1_300' title='bbox 1309 2429 1446 2483; x_wconf 82' lang='lat' dir='ltr'>Camp.</span> <span class='ocrx_word' id='word_1_301' title='bbox 1478 2447 1546 2470; x_wconf 86' lang='lat' dir='ltr'><em>as-</em></span> 
     </span>
     <span class='ocr_line' id='line_1_34' title="bbox 104 2500 1544 2555; baseline -0.003 -13"><span class='ocrx_word' id='word_1_302' title='bbox 104 2518 311 2542; x_wconf 84' lang='lat' dir='ltr'><em>sumamus.</em></span> <span class='ocrx_word' id='word_1_303' title='bbox 436 2511 751 2555; x_wconf 78' lang='lat' dir='ltr'><em>quaniuscunque</em></span> <span class='ocrx_word' id='word_1_304' title='bbox 775 2524 832 2532; x_wconf 94' lang='lat'>—</span> <span class='ocrx_word' id='word_1_305' title='bbox 857 2502 1085 2555; x_wconf 80' lang='lat' dir='ltr'><em>pervenisse.</em></span> <span class='ocrx_word' id='word_1_306' title='bbox 1139 2500 1261 2540; x_wconf 84' lang='lat' dir='ltr'><em>Amb.</em></span> <span class='ocrx_word' id='word_1_307' title='bbox 1289 2503 1326 2539; x_wconf 84' lang='lat'><em>1.</em></span> <span class='ocrx_word' id='word_1_308' title='bbox 1357 2501 1477 2537; x_wconf 80' lang='lat' dir='ltr'><em>etiam</em></span> <span class='ocrx_word' id='word_1_309' title='bbox 1505 2514 1544 2552; x_wconf 85' lang='lat' dir='ltr'><em>q.</em></span> 
     </span>
     <span class='ocr_line' id='line_1_35' title="bbox 105 2567 1548 2625; baseline -0.003 -16"><span class='ocrx_word' id='word_1_310' title='bbox 105 2573 139 2609; x_wconf 74' lang='lat' dir='ltr'><em>is</em></span> <span class='ocrx_word' id='word_1_311' title='bbox 169 2587 206 2609; x_wconf 87' lang='lat' dir='ltr'><em>a.</em></span> <span class='ocrx_word' id='word_1_312' title='bbox 225 2568 272 2625; x_wconf 84' lang='lat' dir='ltr'><em>f</em></span> <span class='ocrx_word' id='word_1_313' title='bbox 300 2585 342 2623; x_wconf 81' lang='lat' dir='ltr'><em>p.</em></span> <span class='ocrx_word' id='word_1_314' title='bbox 399 2567 506 2608; x_wconf 86' lang='lat' dir='ltr'>Flor.</span> <span class='ocrx_word' id='word_1_315' title='bbox 537 2582 560 2606; x_wconf 83' lang='lat' dir='ltr'>a</span> <span class='ocrx_word' id='word_1_316' title='bbox 588 2583 646 2621; x_wconf 88' lang='lat' dir='ltr'><em>pr.</em></span> <span class='ocrx_word' id='word_1_317' title='bbox 673 2583 728 2608; x_wconf 87' lang='lat' dir='ltr'><em>m.</em></span> <span class='ocrx_word' id='word_1_318' title='bbox 760 2578 1075 2623; x_wconf 79' lang='lat' dir='ltr'><em>quantuscunque</em></span> <span class='ocrx_word' id='word_1_319' title='bbox 1098 2589 1154 2598; x_wconf 76' lang='lat'><em>-—-</em></span> <span class='ocrx_word' id='word_1_320' title='bbox 1179 2569 1409 2621; x_wconf 75' lang='lat' dir='ltr'><em>pervenisse,</em></span> <span class='ocrx_word' id='word_1_321' title='bbox 1439 2575 1548 2605; x_wconf 81' lang='lat' dir='ltr'>eete-</span> 
     </span>
     <span class='ocr_line' id='line_1_36' title="bbox 105 2633 1544 2690; baseline -0.003 -14"><span class='ocrx_word' id='word_1_322' title='bbox 105 2639 158 2676; x_wconf 83' lang='lat' dir='ltr'><em>ris</em></span> <span class='ocrx_word' id='word_1_323' title='bbox 189 2637 352 2676; x_wconf 85' lang='lat' dir='ltr'><em>omissis.</em></span> <span class='ocrx_word' id='word_1_324' title='bbox 478 2634 648 2689; x_wconf 71' lang='lat' dir='ltr'><em>aliquod.</em></span> <span class='ocrx_word' id='word_1_325' title='bbox 700 2633 826 2676; x_wconf 58' lang='lat' dir='ltr'><em>Amba</em></span> <span class='ocrx_word' id='word_1_326' title='bbox 855 2640 892 2676; x_wconf 85' lang='lat'><em>1.</em></span> <span class='ocrx_word' id='word_1_327' title='bbox 926 2633 1087 2690; x_wconf 74' lang='lat' dir='ltr'><em>aliquid.</em></span> <span class='ocrx_word' id='word_1_328' title='bbox 1213 2633 1544 2688; x_wconf 69' lang='lat' dir='ltr'><em>deprehenderent.</em></span> 
     </span>
     <span class='ocr_line' id='line_1_37' title="bbox 109 2700 1547 2757; baseline -0.002 -13"><span class='ocrx_word' id='word_1_329' title='bbox 109 2702 176 2744; x_wconf 75' lang='lat' dir='ltr'><em>Sic</em></span> <span class='ocrx_word' id='word_1_330' title='bbox 205 2706 325 2744; x_wconf 81' lang='lat' dir='ltr'>etiam</span> <span class='ocrx_word' id='word_1_331' title='bbox 355 2702 460 2743; x_wconf 83' lang='lat' dir='ltr'>Flor.</span> <span class='ocrx_word' id='word_1_332' title='bbox 516 2700 785 2756; x_wconf 63' lang='lat' dir='ltr'><em>deprendere-nt</em></span> <span class='ocrx_word' id='word_1_333' title='bbox 823 2702 948 2744; x_wconf 79' lang='lat' dir='ltr'><strong>Amb.</strong></span> <span class='ocrx_word' id='word_1_334' title='bbox 978 2708 1014 2743; x_wconf 89' lang='lat'><em>1.</em></span> <span class='ocrx_word' id='word_1_335' title='bbox 1083 2700 1397 2757; x_wconf 71' lang='lat' dir='ltr'><em>deprehenderint</em></span> <span class='ocrx_word' id='word_1_336' title='bbox 1427 2704 1547 2742; x_wconf 75' lang='lat' dir='ltr'><em>eiiam</em></span> 
     </span>
    </p>
   </div>
  </div>
 </body>
</html>
