1775 3091
223 225 304 267 242
654 222 928 277 supplementa
964 225 1230 263 annotationis

224 354 312 378 non.
424 338 729 389 interrogatione
757 357 813 365 --
835 335 1007 389 patroni.
1061 333 1129 374 Sic
1162 332 1322 386 Guelf.,
1368 336 1506 377 ceteris
1536 338 1658 376 omis-

223 408 297 446 sis.
403 404 563 461 &frig-5
602 412 682 442 aut.
741 399 876 442 Turio.
907 401 1010 441 Flor.
1038 405 1175 441 insert.
1207 413 1263 441 est
1293 418 1385 442 cum
1401 401 1540 455 Camp.
1617 405 1660 443 si

223 473 327 529 quid.
388 471 525 512 Turio.
564 484 587 507 a
615 484 674 521 pr.
701 483 757 508 m.
794 468 904 509 Flor.
941 468 1056 509 AJm.
1087 471 1122 508 si
1149 471 1248 523 quis.
1307 468 1430 510 Goth.
1467 468 1587 510 Voss.
1617 476 1660 511 2.

224 541 364 595 Camp.
398 542 434 578 si
461 553 548 592 qna.
607 535 743 576 Turio.
775 551 798 576 a
828 552 906 577 sec.
940 551 996 577 m.
1035 539 1071 575 si
1109 553 1219 592 quae.
1325 540 1460 578 vitam.
1519 536 1660 579 Turio.

222 609 330 650 Flor.
363 607 500 658 Camp.
532 601 666 644 Guelf.
694 602 818 643 Amb.
841 610 881 644 2.
911 603 1028 644 Voss.
1055 610 1090 644 1.
1115 610 1152 644 3.
1181 606 1272 643 vita.

338 677 375 726 §.
407 677 474 714 27.
528 681 778 725 pugnassent.
836 670 962 711 Amb.
999 677 1037 711 1.
1075 670 1211 712 Turic.
1241 659 1349 712 Flor.
1377 670 1490 713 Alm.
1519 670 1660 725 Camp.

220 753 383 800 pugnat.
496 741 741 792 mitigantur.
799 737 924 779 Aan.
959 743 996 778 1.
1034 737 1170 779 Turio.
1211 739 1319 779 Flor.
1357 739 1472 780 Alm.
1500 742 1662 792 mitiga-

221 824 298 850 tur.
415 819 480 847 aut
510 810 550 845 in
582 822 715 845 causa.
767 803 892 845 Amb.
917 811 954 845 1.
975 812 1014 846 2.
1042 805 1150 846 Flor.
1179 805 1270 846 Par.
1291 813 1328 847 1.
1350 813 1388 847 2.
1410 812 1450 848 5.
1479 806 1597 847 Voss.
1621 811 1660 846 1.

224 884 263 918 3.
295 895 333 917 a.
367 892 421 915 ea·
461 892 494 915 c.
553 873 663 913 Jens.
702 882 741 912 et
780 873 870 912 edd.
902 882 992 912 ante
1023 872 1150 913 Colin.
1180 884 1233 911 est
1261 890 1299 914 a.
1330 877 1369 913 in
1401 890 1436 914 c.
1542 890 1661 928 prae—

223 947 403 999 cepimus.
468 944 604 982 Guelf.
633 942 892 996 praecipimus
920 939 1047 980 altius.
1098 938 1229 980 Guelf.
1261 940 1387 979 latius.
1480 943 1658 995 suspecti.

220 1012 346 1052 Aan.
370 1017 407 1051 1.
432 1012 635 1064 suspectio.
749 1010 922 1061 repetita.
981 1007 1106 1048 Aan.
1134 1000 1173 1047 1.
1204 1006 1312 1048 Flor.
1343 1022 1364 1046 a
1387 1023 1447 1061 pr.
1466 1023 1522 1048 ln.
1553 1024 1661 1062 repc-

221 1083 326 1119 titus.
407 1079 710 1133 percontatione.
767 1074 903 1115 Turio.
931 1077 1269 1130 percontationem.
1320 1072 1454 1116 Guelf.
1474 1092 1545 1130 per
1566 1092 1661 1115 con-

220 1150 437 1186 tentionem.
496 1144 621 1184 Aan.
646 1150 685 1184 2.
711 1146 969 1198 percontione.
1030 1142 1167 1197 camp.
1185 1160 1257 1197 per
1272 1145 1579 1185 concitationem.

221 1232 335 1270 saepe
365 1231 421 1255 eo.
480 1213 590 1253 Jeus.
620 1209 720 1251 Loc.
748 1210 858 1251 Ven.
888 1228 930 1250 eo
960 1227 1085 1265 saepe.

334 1284 368 1335 §.
399 1286 467 1322 28.
528 1279 623 1331 Ejus
654 1281 722 1319 rei.
784 1277 882 1318 Ald.
915 1281 1022 1332 cnjus
1052 1295 1086 1320 r.
1199 1294 1317 1331 neque
1338 1277 1433 1317 disc.
1460 1301 1516 1313 -.--
1547 1294 1662 1331 neque

222 1366 356 1389 exerc.
416 1348 483 1388 Sic
524 1351 645 1387 etiam
690 1345 816 1386 Amb.
850 1351 887 1385 1.
920 1351 959 1386 2.
1019 1362 1135 1399 neque
1174 1348 1214 1385 d.
1253 1369 1309 1376 -—-
1347 1361 1415 1383 nec
1455 1361 1487 1385 e.
1525 1343 1667 1386 Guelf.¹

220 1417 360 1469 Camp.
391 1415 488 1455 Ald.
520 1414 632 1454 Sich.
722 1429 807 1452 cum
833 1412 1026 1466 plerisque
1055 1413 1157 1453 benc.
1206 1411 1315 1453 Flor.
1346 1428 1368 1451 a
1387 1428 1447 1466 pr.
1469 1428 1525 1452 m.
1545 1411 1660 1452 AJm.

221 1483 360 1536 Camp.
408 1499 441 1521 c.
478 1480 610 1535 plnres
650 1481 787 1534 quibus
822 1479 880 1533 pl.
916 1480 953 1518 b.
1010 1478 1136 1518 Aan.
1168 1485 1205 1519 1.
1247 1479 1382 1519 Turio.
1414 1496 1500 1518 cum
1530 1480 1662 1534 plures

220 1552 355 1605 quibus
385 1551 420 1588 b.
537 1548 589 1588 ml
627 1548 682 1587 id.
739 1546 866 1586 Amb.
901 1551 938 1585 1.
980 1544 1118 1586 Turic.
1157 1545 1272 1586 Ahn.
1311 1547 1363 1585 acl
1392 1549 1439 1587 si.
1497 1546 1605 1586 Flor.
1637 1561 1660 1585 a

218 1634 277 1671 pr.
298 1633 354 1657 m.
388 1628 428 1655 at
457 1619 504 1655 si.
560 1616 669 1656 Jeus.
702 1614 755 1653 acl
784 1613 892 1653 illud.
1005 1612 1137 1652 volunt
1164 1615 1327 1669 efficere.
1385 1613 1520 1654 Turio.
1550 1614 1660 1654 Flor-

221 1701 244 1724 a
273 1701 332 1738 pr.
370 1699 426 1723 m.
473 1683 537 1722 vel
574 1684 802 1736 interficere.
870 1679 982 1720 Ahn.
1026 1679 1089 1719 vel
1124 1683 1160 1719 in
1198 1698 1293 1722 cere.
1362 1682 1504 1736 Camp.
1543 1681 1661 1720 velint

218 1754 417 1807 perficere.

335 1820 373 1869 ᾗ.
405 1823 473 1858 29.
534 1814 685 1869 aliquid
714 1814 830 1869 quod.
887 1813 1025 1868 Camp.
1057 1815 1166 1870 aliqu
1195 1815 1309 1870 quocl.
1408 1833 1548 1870 parum
1566 1833 1660 1856 eon-

221 1888 374 1925 sentiat.
442 1882 568 1923 Amb.
611 1888 647 1922 1.
689 1881 824 1922 Turio.
864 1881 970 1923 Flor.
1014 1898 1036 1923 a
1070 1899 1129 1936 pr.
1167 1898 1222 1922 m.
1264 1882 1376 1922 Ajm.
1420 1901 1516 1937 pars
1554 1900 1660 1924 cons.

222 1952 361 2006 Camp.
399 1961 532 2007 partes
572 1952 807 1989 consentiant
839 1967 903 1990 an.
1019 1968 1045 1990 a
1069 1961 1172 1990 teste.
1230 1950 1355 1991 Amb.
1394 1956 1430 1990 1.
1469 1968 1496 1990 a>
1533 1962 1659 2002 testes,

223 2035 247 2059 a
275 2035 353 2060 sec.
382 2035 436 2058 m.
468 2022 503 2056 ᾱ.
527 2011 562 2057 ’1.
620 2014 760 2057 Turio.
793 2032 815 2056 a
840 2033 900 2070 pr.
935 2033 991 2059 m.
1023 2033 1116 2058 cum
1142 2016 1257 2058 Alm.
1289 2035 1339 2057 an
1369 2029 1502 2070 testes,
1538 2033 1563 2057 a
1580 2034 1658 2058 sec.

223 2102 277 2127 m.
307 2104 359 2126 an
387 2088 505 2125 testis.
563 2084 672 2125 Flor.
703 2099 725 2123 a
746 2099 806 2136 pr.
830 2100 886 2124 m.
919 2102 970 2124 an
1000 2096 1103 2124 teste.
1218 2087 1382 2126 interim.
1428 2083 1547 2126 Goth.
1578 2101 1658 2126 om.

307 2170 412 2193 casu.
473 2151 595 2192 Amb.
631 2158 667 2192 1.
700 2150 835 2191 Turio.
867 2151 975 2192 Flor.
1006 2167 1029 2191 a
1056 2168 1115 2204 pr.
1151 2167 1206 2192 m.
1252 2151 1365 2192 Ajm.
1397 2168 1455 2192 ea.
1565 2169 1659 2207 per-

223 2220 346 2260 ducet.
405 2218 525 2261 Amb.
558 2225 596 2260 1.
628 2218 764 2259 Turio.
797 2218 902 2258 Flor.
929 2218 1131 2273 perducat.

337 2289 372 2338 §.
407 2292 474 2329 30.
525 2289 691 2341 prosint.
738 2284 875 2326 Turio.
909 2301 1008 2339 apr.
1028 2301 1083 2326 m.
1111 2288 1250 2341 prosit.
1293 2285 1398 2327 Flor.
1415 2289 1574 2341 possint.

224 2357 371 2407 rogari.
397 2353 422 2394 J
424 2370 508 2394 eus.
521 2364 560 2394 et
572 2355 662 2394 edd.
677 2362 768 2393 ante
781 2351 936 2407 Gryph.
950 2356 1201 2406 interrogari.
1287 2354 1498 2396 humilitas,
1534 2352 1657 2396 Amb.

224 2427 263 2462 1.
294 2420 463 2461 malitia.
577 2419 917 2475 deprehendantur.
975 2418 1098 2460 Aan.
1132 2426 1169 2462 1.
1201 2436 1224 2461 a
1251 2437 1330 2462 sec.
1355 2437 1411 2462 m.
1439 2423 1659 2478 perduco-nr-

221 2498 286 2527 ται·
326 2503 419 2528 cum
461 2487 618 2538 Tul-im,
670 2502 694 2527 a
721 2502 781 2541 pr.
816 2489 907 2527 fort.
945 2487 1197 2542 prendantur.
1259 2489 1378 2540 [Jens.
1418 2488 1517 2531 Loc.
1548 2490 1656 2531 Ven.

222 2553 556 2608 deprehendentur.

334 2623 370 2674 §.
403 2627 468 2663 31.
533 2624 666 2662 interr.
704 2620 826 2661 debet.
878 2619 1005 2663 Amb.
1038 2627 1076 2663 1.
1123 2625 1241 2665 inser.
1281 2640 1391 2676 cum,
1429 2626 1537 2678 prius
1566 2625 1658 2664 fort.

223 2702 313 2729 non.
423 2699 574 2730 contra.
630 2686 753 2731 Amb.
786 2693 824 2730 1.
864 2687 970 2731 Flor.
1000 2704 1024 2731 a
1055 2705 1115 2744 pr.
1149 2706 1203 2733 m.
1234 2693 1395 2734 circum.
1505 2701 1660 2731 venuste
