1775 3091
170 207 251 246 422
624 206 893 262 Supplementa
921 210 1183 248 annotationis

177 319 399 360 offenderit.
459 318 540 360 Sed
570 321 668 374 quid
694 320 857 358 tandem
880 320 1045 372 impedit
1066 322 1279 375 quominus
1298 328 1401 359 recte
1421 322 1612 360 scribatur

178 386 390 441 ‹ffinsatus
406 387 573 445 fuerit?
617 386 721 428 Nam
746 389 847 426 sicut
875 387 1069 442 qff'cnclcre
1097 396 1135 427 et
1164 387 1310 442 offendi
1334 388 1498 427 dicimus
1521 402 1614 425 eum

179 457 249 507 qui
267 454 403 494 haeret
426 464 465 494 et
486 455 662 503 dubitat,
701 457 755 493 sic
778 457 896 493 etiam
917 455 1110 510 qfflnsare
1131 464 1169 494 et
1189 455 1388 509 offensuri.
1443 453 1616 509 Reliqua

180 530 269 561 utro
289 522 409 562 modo
430 523 642 561 efferantur
661 536 744 560 non
764 525 936 561 multum
955 526 1118 562 interest
1130 553 1143 570 ,
1180 523 1249 563 sed
1268 531 1462 575 praestare
1482 532 1617 562 tamen

181 589 337 628 videtur
356 589 509 629 tardior
530 588 731 630 scribendo
756 600 824 629 aut
844 591 1028 630 incertior
1049 589 1246 643 legenda]

295 670 329 719 ᾗ.
359 672 426 707 21.
486 666 674 707 altiorem.
721 666 849 708 Amb.
883 674 923 709 2.
956 669 1156 709 abtiorem.
1255 679 1354 709 vert.
1385 667 1499 708 latus.
1549 665 1617 709 SiG

183 734 273 786 Par.
296 741 333 774 2.
351 750 440 775 sec.
469 749 548 784 m.,
595 736 665 774 sed
692 734 817 776 Amb.
839 741 878 776 2.
907 735 995 776 Par.
1022 742 1058 776 1.
1089 741 1127 775 6.
1158 751 1237 776 om.
1295 735 1618 788 [Nihil-propius

182 803 233 840 ad
265 803 447 841 codicum
477 805 710 856 scripturam
734 805 920 843 accedere
943 805 1124 854 videtur,
1162 818 1281 857 quam
1308 802 1481 840 scindere
1505 802 1618 849 laius,

184 884 316 923 neque
342 873 450 908 enim
477 870 707 924 objurgare,
746 886 829 910 non
854 871 1005 922 adjecto
1036 873 1208 910 ablativo
1235 872 1509 918 instrumenti,
1551 884 1622 921 pro

179 935 305 991 scrire
344 946 423 987 est,
482 938 552 976 sed
590 939 899 992 intelligendum
939 947 1006 978 aut
1045 937 1211 993 aliquem
1241 947 1308 976 aut
1337 947 1450 975 semet
1483 938 1620 990 ipsum.

186 1002 387 1055 Quocirca
408 1004 709 1046 Frotscheriano
741 1009 904 1045 invento
933 1008 1057 1045 sinum
1079 1017 1114 1044 et
1134 1005 1234 1045 latus
1253 1007 1404 1044 interim
1420 1004 1626 1058 objurgare

186 1085 269 1110 non
290 1080 394 1111 utor.
457 1072 623 1113 Caedere
638 1085 772 1129 pectus
791 1077 873 1128 ipse
896 1072 1067 1126 Quintil.
1090 1075 1186 1114 dicit
1204 1070 1283 1121 XI⁷
1305 1077 1344 1123 3,
1367 1072 1486 1124 123.]

300 1151 336 1202 §.
368 1155 431 1190 22.
487 1155 806 1205 potentissimum.
847 1151 914 1193 Sic
941 1152 1030 1193 Par.
1051 1158 1089 1192 6.
1139 1153 1382 1207 potissimum
1409 1149 1499 1190 I'ar.
1524 1155 1561 1189 1.
1584 1156 1625 1190 2.

297 1230 333 1279 §.
366 1233 434 1268 23.
494 1233 679 1282 respexit.
721 1230 789 1271 Sic
810 1230 900 1271 Par.
927 1237 963 1272 1.
987 1238 1026 1272 2.
1050 1236 1085 1271 6.
1107 1231 1231 1271 Amb.
1252 1236 1294 1271 2.
1347 1228 1624 1284 prop-fuerat-

190 1296 256 1336 Sic
288 1295 377 1335 Par.
408 1301 444 1336 1.
467 1301 506 1336 2.
567 1308 649 1336 erat
678 1298 769 1338 I'ar.
791 1304 828 1339 6.
889 1299 1025 1351 [Nihil
1049 1302 1170 1352 igitur
1201 1315 1222 1337 e
1254 1297 1396 1337 Pariss.
1429 1297 1628 1336 codicibus

192 1364 354 1402 affertur
376 1364 423 1402 de
445 1366 668 1403 litterarum
685 1368 764 1405 illis
783 1369 887 1405 tricis
907 1376 997 1406 ante
1012 1366 1224 1420 jucundus,
1265 1366 1314 1405 de
1343 1367 1485 1419 quibus
1512 1363 1628 1416 Spal-

192 1431 346 1483 diugius
366 1432 562 1469 laborasse
583 1447 666 1470 sese
685 1447 759 1472 nec
782 1443 915 1472 tamen
936 1438 1148 1488 quicquam
1168 1436 1363 1473 invenisse
1385 1433 1491 1472 dicit.
1549 1430 1632 1470 Sed

191 1496 223 1536 F
225 1497 446 1536 rotscherus
467 1498 569 1535 iilud
590 1501 666 1536 vim
693 1498 844 1538 demoni
864 1502 1028 1552 putabat
1049 1515 1129 1538 esse
1161 1510 1203 1538 ut
1222 1498 1472 1538 Demostheni
1490 1499 1631 1536 admo-

193 1565 290 1603 dum
313 1566 569 1617 probabiliter
601 1568 824 1605 litterarum
851 1568 990 1605 ductus
1020 1575 1198 1616 secutus,
1237 1567 1306 1605 sed
1325 1565 1427 1602 nihil
1448 1567 1628 1616 amplius.

192 1631 296 1672 Nam
329 1633 438 1685 quod
469 1641 603 1684 postea
645 1630 920 1683 Quintilianus
960 1631 1243 1671 Demosthenis
1283 1635 1466 1684 exemplo
1496 1635 1631 1682 utitur,

195 1701 321 1737 obstat
359 1701 504 1749 etiam,
555 1714 607 1737 ne
644 1703 724 1750 jam
764 1700 840 1738 hoc
877 1703 964 1739 loco
1002 1703 1107 1739 illius
1147 1702 1355 1738 auctoritas
1385 1699 1631 1738 adhibeatur.

197 1765 301 1804 Mihi
331 1767 494 1820 quidem
525 1767 575 1805 ad
616 1770 925 1806 concinnitatem
956 1768 1086 1806 deesse
1122 1767 1279 1806 videtur
1309 1769 1525 1819 genitivus,
1565 1768 1635 1819 qui

198 1842 417 1886 opponatur
451 1838 626 1885 genitivo
653 1834 897 1884 studiorum,
944 1844 983 1874 et
1014 1837 1174 1873 fortasse
1204 1837 1323 1872 etiam
1351 1835 1635 1882 nominativus,

198 1903 230 1939 si
261 1904 432 1939 inveniri
458 1905 599 1954 possit,
647 1904 711 1941 cui
738 1904 972 1955 respondeat
1007 1901 1198 1943 hortator.
1260 1899 1434 1940 Multum
1465 1902 1636 1939 versanti

200 1971 333 2007 locum
364 1969 519 2007 viu-mli
547 1972 715 2009 monitor
752 1973 1002 2018 occurrebat,
1053 1971 1122 2009 sed
1152 1985 1236 2008 non
1269 1970 1462 2021 placebat.
1520 1966 1638 2007 Nunc

201 2037 362 2089 quidem
391 2035 556 2088 jucunde
586 2036 741 2076 vivendi
766 2040 856 2076 satis
881 2047 998 2090 puto,
1038 2040 1129 2091 quia
1149 2052 1230 2076 non
1250 2036 1377 2074 habeo
1398 2037 1563 2073 melius:
1594 2036 1639 2072 ni

202 2113 337 2142 tamen
356 2113 438 2142 tota
458 2104 557 2143 haec
577 2106 717 2144 frustra
733 2114 909 2157 suscepta
929 2120 1047 2158 opera
1068 2114 1124 2143 est
1144 2114 1182 2144 et
1198 2103 1388 2142 viclemoni
1406 2102 1510 2141 nihil
1530 2102 1638 2140 aliud

204 2180 261 2210 est
286 2174 362 2210 nisi
397 2173 503 2226 quod
533 2181 621 2225 post
650 2175 828 2227 sequitur
858 2171 1007 2212 virle-tur
1028 2175 1105 2212 alio
1128 2181 1166 2211 et
1186 2174 1346 2211 fortasse
1366 2173 1529 2209 meliore
1549 2172 1638 2208 loco

204 2241 391 2290 positum.

318 2320 352 2368 ξ.
388 2322 453 2356 25.
508 2317 610 2356 velut
634 2328 766 2357 lecto&
805 2317 929 2357 Amb.
957 2324 994 2357 2.
1017 2327 1053 2355 et
1073 2321 1154 2370 ipse
1186 2326 1319 2354 rectos.
1379 2311 1517 2369 Itaque
1545 2318 1640 2352 sim-

207 2385 462 2434 plicissimum
495 2387 650 2424 videtur
679 2401 760 2425 esse
792 2384 891 2424 velut
928 2395 1124 2431 arrectos,
1172 2386 1359 2435 cogitanti
1394 2385 1513 2421 etiam
1541 2380 1642 2419 velut

209 2464 324 2502 saepe
353 2454 467 2489 scribi
502 2452 634 2503 velud,
683 2462 721 2492 et
763 2453 815 2492 acl
855 2457 895 2491 in
925 2456 1206 2506 compositione
1238 2454 1403 2499 servari,
1452 2456 1495 2487 ut
1527 2449 1642 2487 fuerit

209 2516 323 2555 velud
343 2517 532 2559 adrectos.

322 2600 358 2648 ξ.
390 2602 457 2636 26.
519 2598 623 2637 hanel
644 2599 777 2638 deerit.
818 2596 883 2637 Sic.
903 2597 990 2636 Par.
1013 2605 1051 2637 2.
1074 2613 1150 2637 sec.
1176 2613 1230 2635 m.
1276 2606 1340 2634 aut
1361 2593 1399 2633 (Z.
1431 2591 1521 2632 Par.
1547 2596 1580 2630 1.
1604 2594 1640 2627 6.

325 2676 360 2725 ᾗ.
392 2681 457 2715 28.
519 2677 733 2731 impedient.
771 2675 837 2716 Sic
848 2675 969 2716 Amb.
986 2682 1023 2716 2.
1038 2675 1126 2715 Par.
1144 2680 1178 2715 l.
1195 2680 1234 2715 6.
1273 2671 1481 2727 impediunt
1501 2668 1589 2709 Par.
1604 2674 1641 2707 2.
