1775 3091
227 256 307 295 126
656 251 928 308 Supplcmenta
955 256 1222 293 annotationis

223 380 307 407 non
333 344 556 422 ωηΐῆνέῒ);
604 381 655 406 ex
690 364 805 406 AJm.
838 368 1006 407 refertur
1036 381 1086 405 an
1118 364 1214 421 quid
1240 376 1296 406 est
1325 365 1451 422 quale
1565 367 1656 408 adi-

221 437 428 490 piscamur.
486 434 610 475 Amb.
632 439 673 475 2.
701 435 933 487 opiscamur.

336 504 371 555 §.
403 508 443 543 7.
502 502 665 540 Finitae.
718 499 856 554 Camp.
873 503 1012 556 finita.
1117 501 1201 541 hae.
1249 500 1376 542 Aan.
1395 507 1434 542 1.
1464 517 1572 556 quac.

220 567 474 611 ὑποθέσει
488 584 520 616 ς.
570 567 642 607 Ad
659 567 736 607 hoc
756 571 996 608 vocabulum
1015 573 1060 609 in
1079 567 1215 610 Turio.
1245 572 1373 622 glossa
1393 569 1656 623 mterfinemis

223 647 304 679 est:
345 639 579 691 suppositum
609 635 708 674 idem
736 637 776 674 in
802 640 1035 690 praesentia.
1148 640 1188 676 ἰη
1216 638 1290 678 his.
1351 640 1391 677 in
1410 639 1459 676 iis
1485 635 1624 689 Camp.

332 707 368 758 ξ.
401 709 438 744 8.
491 714 544 741 est
573 719 730 757 semper.
777 721 810 745 s,
839 721 871 745 e.
904 704 1042 759 Camp.
1150 706 1219 745 An
1246 705 1398 745 Catoni.
1444 702 1494 743 Iu
1513 703 1650 743 Tmic.

223 782 281 814 est
317 776 444 826 glossa
481 773 745 811 interlinearis
786 787 809 811 a
837 788 915 812 sec.
947 787 1028 813 m.:
1069 775 1134 826 qui
1161 790 1270 812 suam
1299 772 1413 812 alteri
1436 772 1656 826 permiitcre

216 842 286 898 fas
323 840 463 888 (luxit,
512 837 554 878 ill
591 849 646 877 est
682 841 866 878 martiam
906 839 1114 880 hortensio.
1180 841 1290 881 Haec
1318 842 1484 880 inseruit
1512 837 1654 890 Camp.

218 918 307 962 post
336 905 507 947 ducenda
517 936 528 954 ,
569 909 648 946 nisi
678 906 785 961 quod
815 905 857 945 id
881 918 936 946 est
963 930 1020 939 —-
1050 908 1152 948 hort.
1184 910 1344 948 omittit.
1450 909 1490 945 in
1519 916 1657 961 tyran-

217 978 317 1018 niclc.
378 978 418 1015 in
449 991 527 1016 om.
560 973 684 1013 Amb.
719 979 758 1013 1.

333 1047 368 1098 ς.
404 1051 442 1086 9.
503 1045 690 1098 tyrannis,
743 1040 803 1081 Ita
841 1044 963 1082 etiam
998 1042 1121 1084 Paris.
1155 1048 1192 1083 1.
1229 1049 1269 1084 2.
1382 1052 1567 1098 tyrannus
1595 1042 1660 1080 vi-

218 1117 332 1156 detur
362 1127 442 1152 esse
473 1113 516 1149 'm
545 1113 687 1150 nostris
716 1113 913 1151 omnibus.
971 1109 1106 1158 Turio.
1138 1114 1274 1150 siletur
1303 1112 1423 1150 etiam
1453 1123 1504 1148 ex
1532 1111 1657 1147 altera

217 1184 441 1224 collatione.
558 1180 682 1216 tacita
718 1179 790 1217 vis.
853 1180 1067 1216 tacitativis
1102 1177 1237 1219 Turio.
1270 1194 1292 1217 a
1320 1195 1380 1232 pr.
1410 1194 1465 1218 m.
1580 1175 1656 1214 hoc

215 1251 383 1306 proprie.
441 1246 515 1285 hoc
546 1261 625 1285 om.
656 1245 764 1286 Jens.
798 1260 891 1284 cum
920 1254 1083 1298 posterr.
1116 1255 1207 1286 ante
1236 1245 1362 1297 Bacl.;
1406 1244 1520 1285 codd.
1549 1243 1656 1282 nihil

214 1321 389 1365 variant,
428 1316 505 1354 nisi
535 1315 643 1368 quod
674 1311 796 1353 Goth.
835 1329 928 1352 cum
956 1317 1071 1355 Voss.
1105 1318 1143 1353 1.
1186 1312 1301 1367 (fort.
1330 1310 1400 1367 2.)
1439 1313 1503 1351 hic
1535 1326 1653 1365 prae-

214 1389 362 1426 serunt.
474 1385 584 1422 inest.
644 1391 699 1419 est
729 1380 867 1434 Camp.

328 1457 364 1505 ᾗ.
399 1456 464 1491 10.
524 1451 638 1487 venit.
691 1448 793 1486 velut
824 1452 944 1487 etiam
972 1447 1105 1500 Flor.3
1146 1448 1248 1486 venit
1277 1447 1379 1486 velut
1409 1449 1653 1499 conjunctim

217 1521 355 1573 Camp.
397 1533 488 1558 cum
530 1515 665 1556 Guelf.
786 1514 898 1555 Clod.
944 1516 1102 1555 occidit.
1172 1514 1229 1554 Cl.
1271 1514 1466 1571 inierfccit
1509 1514 1649 1569 Camp.

214 1587 344 1629 Andr.
461 1584 605 1625 occidit
645 1582 759 1622 insid.
815 1583 1002 1622 occiderit
1035 1586 1108 1622 ins.
1147 1581 1255 1622 Jens.
1297 1591 1336 1622 et
1364 1591 1526 1635 posterr.
1558 1592 1651 1622 ante

216 1656 328 1697 Sich.
378 1652 574 1693 occideret
602 1651 718 1691 Voss.
739 1657 778 1691 2.
810 1666 894 1690 non
914 1652 1045 1690 acced.
1069 1648 1192 1690 Goth.
1296 1650 1364 1689 An
1389 1653 1452 1688 sit.
1498 1650 1553 1690 A.
1575 1651 1650 1690 hoc

215 1726 266 1763 sit
296 1731 352 1762 est
381 1724 500 1760 etiam
537 1722 580 1758 in
609 1718 732 1758 Paris.
766 1724 804 1758 2.
919 1717 1132 1757 occidendi.
1191 1717 1321 1757 occidi
1357 1715 1457 1757 Ald.
1490 1716 1648 1769 Colin.,

214 1791 343 1831 codex
370 1791 528 1837 nullus,
578 1786 679 1839 [sed
705 1788 766 1824 issi
795 1786 962 1825 editores
1000 1788 1163 1825 sensisse
1194 1787 1402 1833 videntur,
1447 1788 1574 1825 inesse
1603 1789 1649 1826 iu

214 1859 290 1898 hac
328 1859 542 1897 verborum
579 1855 870 1893 constructione
918 1854 1070 1907 aliquid
1112 1855 1358 1892 inusitatum.
1425 1852 1650 1894 Potuissent

215 1929 335 1965 etiam
365 1922 540 1963 occidere
567 1923 759 1971 scribere,
801 1922 869 1959 sed
896 1921 1000 1960 illud
1028 1924 1186 1974 propius
1208 1921 1258 1959 ad
1278 1921 1460 1961 codicum
1479 1925 1649 1975 scriptu-

214 2008 301 2032 ram
329 1988 581 2040 videbatur]
695 2004 769 2027 non
800 1987 884 2028 illa.
946 2005 1033 2027 num
1063 1988 1135 2028 illa
1174 1988 1311 2042 Camp.
1350 1988 1471 2030 Paris.
1498 1994 1535 2030 1.

216 2058 437 2114 comprendi
468 2060 587 2096 etiam
619 2055 758 2109 Camp.

328 2128 362 2178 §.
397 2131 462 2165 11.
509 2140 622 2178 posse
651 2124 782 2163 theses.
843 2123 963 2161 thesis
989 2139 1102 2177 posse
1130 2122 1265 2164 Turio.
1295 2122 1400 2164 Flor.
1465 2123 1650 2173 Θέσεις

211 2211 323 2251 possc
351 2193 474 2233 Aan.
508 2199 546 2233 1.
603 2209 714 2248 posse
744 2206 822 2230 om.
855 2189 992 2243 Camp.
1056 2191 1169 2229 thesis
1201 2201 1258 2230 est
1286 2195 1405 2230 etiam
1434 2193 1477 2230 in
1509 2190 1644 2234 Guelf.

214 2274 254 2303 et
287 2261 408 2303 Goth.
526 2262 661 2300 thesin.
719 2260 853 2298 thesim
883 2256 1016 2298 Guelf.
1051 2257 1188 2312 Camp.
1228 2259 1336 2299 Jens.
1367 2268 1406 2298 et
1430 2262 1645 2316 pleraeque

214 2331 304 2370 edd.
336 2338 430 2370 vett.
475 2328 627 2369 Θέσιν
655 2327 778 2367 Amb.
807 2331 844 2365 1.
958 2337 999 2364 ut
1030 2326 1102 2365 illa
1129 2329 1193 2366 sir.
1248 2330 1298 2365 sit
1328 2341 1407 2367 om.
1437 2326 1544 2368 Flor.

213 2409 361 2437 tantum
397 2400 543 2450 gratia.
609 2413 672 2449 gr.
712 2405 739 2435 t.
779 2392 912 2434 Guelf.
955 2392 1076 2434 Goth.
1119 2409 1211 2434 cum
1252 2394 1359 2435 Jens.
1400 2404 1439 2434 et
1476 2405 1640 2449 posterr.

213 2474 304 2505 ante
342 2462 496 2518 Gryph-

322 2534 357 2584 §.
390 2537 455 2572 12.
509 2533 670 2571 oratori.
730 2531 897 2570 orationi
934 2539 991 2569 est
1030 2531 1150 2569 etiam
1180 2533 1223 2569 iu
1254 2530 1357 2571 Flor.
1389 2529 1513 2570 Aan.
1539 2535 1575 2570 1.
1598 2536 1638 2571 2.

212 2596 334 2637 Paris.
359 2604 395 2638 1.
439 2597 486 2653 (e
515 2598 636 2638 Paris.
658 2604 695 2638 2.
711 2629 721 2649 ,
754 2600 782 2637 i.
805 2613 839 2637 e.
879 2597 1084 2648 Vallensi,
1114 2607 1276 2638 notatur
1296 2597 1475 2650 oratori.)
1496 2597 1635 2651 Calnp.

296 2664 524 2706 valetudine.
589 2665 826 2718 aegritudine
872 2664 1011 2718 Camp.
1149 2666 1334 2719 ejusmodi
1376 2690 1431 2696 —
1471 2667 1638 2704 occurri.

214 2730 378 2784 ejusdcm
406 2735 527 2773 etiam
562 2731 687 2774 Amb.
711 2739 752 2775 2.
788 2732 925 2786 Camp.
984 2730 1118 2773 iisdem
1143 2731 1267 2774 Paris.
1292 2738 1330 2774 1.
1351 2738 1390 2775 2.
1413 2736 1477 2785 5.;
1528 2731 1636 2772 Flor.
