1775 3091
211 225 286 259 10ίὶ
635 219 740 272 Supp
747 218 903 257 lementa
943 222 1203 258 annotationis

313 336 347 382 ξ.
379 338 446 373 21.
497 331 645 372 Cluenti
671 330 805 370 Turio.
827 329 957 371 Flor.·
1019 347 1040 385 0
1082 331 1140 369 ml.
1191 330 1307 386 efficti.
1335 331 1470 371 Turio.
1491 330 1621 370 Guels.

205 400 322 440 Voss.
355 407 394 440 3.
434 414 525 439 cum
565 399 600 437 T
604 414 683 437 arv,
722 395 820 437 Loc.
934 399 1066 455 cfficit.
1134 399 1259 454 ‹ffecit
1303 397 1426 438 Amb.
1457 404 1496 438 2.
1535 413 1626 437 eum

205 468 326 508 Goth.
357 468 474 507 Voss.
497 472 533 506 1.
564 465 684 505 Bern.
709 464 863 520 Gryph.
975 485 1020 506 ea
1036 466 1171 521 plana.
1219 466 1273 520 pl.
1295 484 1340 506 ea
1358 465 1464 505 Flor.
1488 464 1625 517 Camp-

317 538 354 586 §.
386 541 453 576 23.
511 533 652 588 effecit.
700 534 817 589 efficit
845 534 952 575 Flor.
983 550 1074 574 cum
1102 533 1210 574 Jeus.
1243 533 1361 575 Tarv.
1391 531 1489 573 Loc.
1518 532 1626 572 Ven.

203 601 300 644 ΑΜ.
359 601 574 654 Receptam
613 600 721 639 dedit
757 599 857 641 Bad.
886 618 908 641 e
933 601 1129 642 Vallensi.

317 673 354 720 §.
385 674 452 710 25.
510 669 619 720 aegri
645 670 752 721 petit.
811 685 929 722 aegro
954 672 1144 723 promittit
1181 668 1305 709 Amb.
1331 674 1368 708 1.
1480 667 1628 707 valetu-

203 738 304 777 dinis
328 739 380 777 vi.
427 734 656 774 valetudinis
678 739 738 774 sui
765 735 872 775 Flor.
902 750 924 775 a
944 752 1000 776 m.
1021 753 1080 790 pr.
1112 735 1250 776 Turio.
1284 752 1305 776 a
1325 753 1384 791 pr.
1407 752 1457 776 m.
1517 734 1626 773 valit.

202 822 294 844 suae
323 802 459 844 Turio.
483 818 505 842 a
525 818 603 843 sec.
623 818 677 843 m.
735 803 943 842 valitudini
960 820 1050 842 suae
1071 803 1206 844 Guelf.
1317 820 1478 843 summa.
1523 819 1630 840 sum-

201 889 306 912 mam
334 871 443 911 Jens.
538 873 739 924 contingit.
791 873 950 923 contigit
980 875 1099 911 etiam
1118 872 1240 912 Paris.
1266 878 1305 913 2.
1329 877 1368 914 5.
1464 869 1627 910 excidit.

201 939 357 979 excidet
397 940 516 978 etiam
552 938 676 978 Amb.
714 947 892 992 uterque.
962 940 1135 991 Recepta
1165 948 1221 979 est
1250 955 1270 977 e
1299 938 1495 978 Vallensi.

314 1008 350 1056 §.
381 1010 448 1047 26.
507 1005 699 1059 intelligit.
758 1005 948 1059 intelleget
977 1005 1113 1045 Turio.
1144 1005 1250 1046 Flor.
1281 1004 1404 1045 Amb.
1423 1012 1461 1045 2.
1520 1003 1632 1043 intel-

199 1074 291 1127 liget
320 1072 433 1113 Alm.
464 1072 568 1128 (nisi
602 1076 702 1113 forte
734 1076 854 1113 etiam
882 1074 947 1113 hic
977 1091 997 1112 e
1025 1071 1168 1129 habet)
1200 1073 1315 1114 Voss.
1341 1078 1377 1114 l.
1399 1078 1436 1113 3.
1464 1071 1630 1125 Camp.;

198 1141 322 1182 Amb.
346 1146 383 1180 1.
413 1144 563 1181 siletur.

310 1213 346 1262 ξ.
377 1214 446 1250 27.
505 1225 573 1250 nec
600 1210 747 1248 vitium.
808 1219 982 1247 neutrum
1009 1211 1144 1247 vitiam
1172 1206 1296 1248 Amb.
1320 1213 1358 1248 1.

310 1280 347 1328 §.
380 1280 448 1318 28.
495 1276 597 1332 fall.
639 1287 737 1315 sunt.
793 1275 896 1332 fall.
938 1278 1014 1314 sint
1051 1275 1158 1315 Flor.
1190 1274 1303 1315 Alm.
1344 1273 1482 1328 (haud
1514 1276 1633 1314 dubie

199 1343 360 1395 Turic.,
401 1346 472 1383 etsi
500 1344 675 1398 tacetur)
706 1343 829 1383 Amb.
854 1347 889 1382 1.
909 1349 971 1390 2.,
1002 1358 1053 1382 ex
1082 1343 1171 1382 edd.
1202 1342 1299 1382 Ald.
1323 1346 1442 1382 solus.
1503 1341 1634 1396 [Con-

199 1414 364 1464 juuetivi
411 1420 544 1451 autem
583 1412 649 1451 hie
685 1427 777 1451 usus
816 1425 971 1463 prorsus
1009 1408 1252 1461 Quintiliani
1299 1413 1363 1449 vel
1399 1413 1635 1463 elegantiam

199 1483 323 1532 sapit,
371 1481 437 1518 vel
464 1479 698 1518 modestiam
728 1482 771 1517 in
803 1476 1016 1528 dicenda]
1129 1480 1353 1531 sapientum.
1407 1479 1634 1531 sapientium

199 1546 337 1587 Turio.
367 1545 481 1586 AJm.
512 1545 636 1585 Aan.
659 1551 696 1586 1.
724 1545 860 1586 Guelf.
920 1546 1020 1598 [qui
1051 1545 1172 1583 iidem
1202 1547 1281 1583 fere
1311 1547 1402 1583 libri
1430 1543 1464 1596 I,
1493 1550 1558 1595 10,
1583 1547 1634 1584 15

200 1616 369 1653 eandem
406 1616 576 1652 formam
614 1612 851 1664 dederuut]
968 1612 1169 1651 consilium
1207 1613 1304 1653 daut
1341 1616 1459 1651 etiam
1496 1612 1632 1651 Turio.

199 1682 306 1722 Flor.
336 1680 461 1721 Amb.
490 1686 528 1720 1.
558 1680 680 1720 Paris.
711 1686 747 1719 1.
772 1687 809 1720 2.
836 1686 874 1720 3.
988 1690 1023 1717 et
1049 1696 1182 1734 prope.
1232 1683 1322 1735 quia.
1343 1696 1464 1735 prope
1483 1689 1635 1734 praeter

198 1759 435 1789 memoratos
471 1748 620 1787 habent
662 1747 769 1788 Jens.
800 1747 920 1786 Tarv.
950 1746 1059 1786 Ven.

311 1821 346 1870 ᾗ.
379 1821 447 1857 29.
511 1814 642 1854 malis.
710 1817 853 1869 magiis
893 1813 1029 1854 Turio.
1072 1814 1179 1855 Flor.
1220 1831 1243 1855 a
1277 1831 1337 1869 pr.
1376 1830 1431 1853 m.
1498 1829 1636 1866 magus

199 1885 314 1926 Alm.
429 1882 563 1937 Neque
600 1885 709 1922 enim.
776 1883 990 1923 Accedunt
1033 1882 1169 1923 Turic.
1206 1882 1312 1923 Flor.
1353 1881 1491 1935 Camp.
1534 1881 1633 1922 Obr.

199 1956 290 1993 fort.
320 1951 446 1991 Amb.
474 1957 512 1991 1.

313 2022 350 2070 §.
384 2024 449 2059 30.
506 2034 562 2058 ex
599 2034 642 2058 eo
683 2028 831 2057 contra.
892 2034 946 2057 est·
983 2034 1025 2058 eo
1062 2019 1135 2058 hoc
1175 2034 1209 2059 c.
1245 2016 1358 2057 Alm.
1390 2017 1525 2057 Turio.
1565 2016 1637 2071 (in

202 2089 279 2129 hoc
307 2103 407 2128 corr.
439 2095 519 2127 est:
553 2101 606 2125 ex
638 2085 710 2125 hoc
740 2085 900 2139 contra)
931 2086 1039 2126 Flor.
1153 2097 1274 2126 artem
1291 2086 1365 2124 sibi
1385 2088 1631 2124 centrarium.

203 2157 278 2195 sibi
306 2170 386 2195 0111.
416 2154 526 2194 Jens.
557 2152 676 2193 Tarv.
707 2152 815 2193 Veu.
876 2170 914 2193 α.
946 2163 1068 2192 contr.
1093 2155 1167 2193 sibi
1196 2154 1330 2193 Turio.
1360 2152 1466 2191 Flor.
1500 2150 1633 2191 Guelf.

204 2222 328 2264 Goth.
359 2221 498 2275 Camp.
528 2218 622 2260 Ald.
656 2219 809 2274 Gryph.
925 2220 1128 2261 destruere.
1190 2223 1383 2260 restituere
1405 2219 1512 2259 Flor.
1535 2235 1557 2258 a
1575 2235 1632 2271 pr.

203 2306 259 2331 m.
288 2289 426 2330 Turio.
456 2287 569 2328 Alm.
600 2287 723 2328 Bern.
782 2287 983 2326 destituere
1020 2286 1153 2328 Guelf.
1192 2287 1338 2328 Joann.
1376 2287 1483 2327 Jens.
1515 2286 1634 2327 Tarv-

203 2358 312 2398 Ven.
371 2355 590 2409 Rea-eptam
608 2356 785 2395 defendit
808 2355 916 2394 Flor.
939 2370 961 2394 a
979 2371 1057 2394 sec.
1080 2370 1135 2396 m.
1251 2358 1392 2409 itaque.
1440 2358 1497 2393 ita
1517 2358 1636 2393 etiam

204 2425 342 2465 Turio.
379 2424 487 2465 Flor.
528 2422 653 2464 Paris.
689 2428 726 2463 1.
758 2428 799 2462 2.
832 2427 871 2464 5.
910 2421 1049 2476 Camp.
1087 2422 1211 2462 Amb.
1232 2428 1298 2475 2.3
1342 2424 1466 2476 itaque
1486 2425 1635 2474 primus

206 2493 315 2531 dedit
341 2488 472 2532 Colin.
588 2490 704 2546 quod.
758 2489 867 2530 Flor.
897 2505 920 2529 a
948 2506 1027 2530 sec.
1054 2505 1111 2530 m.
1144 2507 1254 2542 cum;
1297 2499 1507 2544 utriunque
1538 2504 1634 2528 con-

207 2561 334 2611 jungit
371 2557 510 2612 Camp.
550 2574 590 2614 q.
632 2575 668 2599 ο.
775 2559 1007 2612 praecipiat.
1069 2560 1308 2612 praeceperit
1348 2557 1483 2597 Turio.
1520 2555 1634 2595 Atm.

208 2625 314 2663 Flor.
346 2641 370 2664 a
397 2641 473 2665 sec.
504 2642 559 2667 m.
594 2625 727 2680 (prius
756 2634 840 2664 erat
865 2624 1106 2679 perceperit)
1138 2624 1271 2666 Guelf.
1304 2623 1424 2666 Goth.
1457 2627 1569 2664 Voss.
1593 2632 1630 2664 2.

211 2692 348 2744 Camp.
406 2692 550 2744 (Error
577 2703 692 2733 natus
721 2707 771 2732 ex
800 2694 1008 2733 omissione
1039 2694 1120 2733 τῶν
1147 2693 1208 2732 vel
1234 2710 1275 2747 p.
1307 2693 1345 2732 h.
1368 2699 1404 2747 q'.
1437 2708 1519 2730 cum
1540 2691 1633 2742 (lieu,
