1775 3091
164 235 245 271 330
608 227 880 283 Supplenzenm
923 231 1184 268 annotationis

163 341 298 384 Guelf.
329 340 430 382 idco.
546 341 635 380 Nae
662 339 737 379 illi.
794 337 918 380 Amb.
953 346 990 381 1.
1029 340 1137 381 Flor.
1167 357 1328 398 quoque
1356 359 1403 381 ne
1429 341 1513 381 ulli.

151 410 295 468 faceti.
340 410 467 452 Amb.
495 414 532 449 1.
565 408 673 448 Flor.
704 422 727 446 a
755 423 815 462 pr.
844 423 899 448 m.
931 411 1052 448 etiam
1067 408 1192 465 facti.
1275 409 1425 450 molles.
1473 409 1598 448 Amb.

163 483 202 519 1.
234 477 339 517 Flor.
372 480 491 516 etiam
519 474 688 515 mollius.
807 474 923 528 Quod
951 479 1125 517 convenit
1153 501 1208 507 —-
1242 475 1434 531 Virgilio.
1491 476 1598 516 Flor.

161 549 283 596 etiam
311 548 402 600 quia
426 567 482 575 —
510 541 565 582 V.
1237 547 1240 549 ’

274 614 310 666 §.
343 617 410 652 21.
468 625 560 650 vero
585 626 669 651 acc.
727 609 834 651 Flor.
866 613 984 651 inser.
1016 610 1069 652 iel.
1189 622 1224 651 ct
1246 615 1349 668 fing.
1407 610 1530 653 Amb.
1561 616 1601 652 1.

158 680 268 721 Flor.
310 682 432 719 etiam
470 678 602 734 ffzzg.
671 678 825 730 [chm‚
875 694 954 733 quo
994 680 1093 734 quid
1120 682 1240 720 faciat
1267 680 1406 734 Spald.
1433 696 1474 719 se
1505 680 1602 719 dicit

159 763 243 787 nou
269 748 437 797 habere,
480 761 526 785 eo
555 748 754 799 pertinere
783 747 964 798 videtur,
1013 748 1121 800 quod
1149 749 1269 788 modo
1301 746 1444 799 Quint.
1476 761 1602 800 gene-

159 818 283 855 ralem
311 817 418 853 illius
447 816 555 854 vocis
584 816 669 854 vim
696 816 850 867 posuit,
892 815 944 853 ad
971 813 1082 853 hunc
1110 818 1244 868 ipsum
1272 819 1408 855 locum
1431 816 1479 853 de
1500 815 1602 853 ridi-

158 885 256 922 culis
288 884 423 922 miuus
460 882 767 935 pertinentem.]
880 881 1102 923 Dicacitas.
1157 881 1283 922 Amb.
1315 888 1353 923 1.
1397 882 1602 921 dictacem.

157 949 296 990 Turio.
320 965 342 988 a
359 965 419 1002 pr.
438 965 494 990 m.
515 949 715 990 dicatitas.
803 951 951 1003 generi.
988 948 1098 991 Flor.
1114 947 1248 990 Guelf.
1268 966 1418 1003 genere.
1496 965 1603 991 com-

156 1036 281 1060 mune.
315 1018 454 1059 Turio,
478 1015 613 1058 Guelf.
636 1020 839 1057 communi.
922 1020 1096 1072 proprie.
1129 1017 1235 1058 Flor.
1261 1028 1432 1072 propter.
1518 1018 1603 1055 De-

157 1087 399 1127 mosthenem.
429 1085 556 1126 Amb.
582 1091 620 1126 1.
643 1085 921 1126 demosthenem
1009 1085 1211 1125 urbanum.
1255 1083 1388 1125 Guelf.
1408 1084 1602 1142 facetum.

270 1157 304 1206 ὃ.
334 1160 404 1196 22.
463 1154 558 1193 haec
594 1164 691 1194 tota.
752 1152 876 1194 Goth.
907 1164 936 1193 t.
967 1153 1006 1194 h.
1128 1152 1217 1206 περὶ
1247 1152 1417 1206 γελοίου.
1472 1151 1601 1192 Amb.

159 1227 197 1264 1.
229 1225 350 1262 etiam
377 1237 466 1277 περι
497 1224 706 1262 θελοιουιν.
817 1220 914 1274 Ejus
939 1224 1087 1275 prima.
1135 1219 1246 1261 Flor.
1280 1235 1438 1274 quoque
1467 1222 1603 1258 etenim

156 1307 361 1345 suprema,
399 1305 422 1329 a
444 1306 520 1332 sec.
542 1305 598 1329 m.
631 1292 765 1328 etenim
794 1291 940 1343 prima.
1054 1290 1105 1327 sit
1131 1304 1237 1343 pos..
1269 1287 1395 1329 Amb.
1421 1293 1458 1330 l.
1489 1304 1511 1328 a
1540 1305 1600 1342 pr.

156 1374 212 1399 m.
243 1361 361 1398 inser.
394 1360 441 1398 si.
502 1356 626 1398 Goth.
660 1358 794 1407 adjicit
825 1367 904 1396 aut.

267 1430 302 1478 §.
333 1431 400 1465 23.
461 1425 539 1465 reb.
570 1424 670 1464 med.
725 1424 832 1463 Flor.
866 1423 1006 1476 Camp.
1038 1441 1089 1463 m.
1123 1440 1155 1464 r.
1269 1422 1431 1464 Aliena.
1476 1421 1603 1465 Amb.

160 1498 196 1534 1.
228 1509 250 1531 a
278 1509 339 1546 pr.
362 1508 418 1533 m.
450 1491 587 1532 Turio.
618 1491 726 1531 Flor.
760 1489 901 1542 Camp.
932 1493 972 1528 in
1003 1490 1145 1530 aliena.

270 1562 306 1612 ξ.
338 1561 405 1601 24.
463 1561 684 1612 ceterisque.
728 1555 854 1597 Amb.
881 1562 918 1597 1.
950 1554 1058 1596 Flor.
1083 1560 1276 1596 omittunt
1295 1574 1376 1611 que.
1459 1557 1602 1598 media.

156 1628 296 1669 Turio.
326 1642 350 1667 a
380 1643 440 1681 pr.
469 1642 524 1666 m.
555 1625 685 1664 melia.
742 1623 775 1664 F
779 1627 852 1664 lor.
885 1639 908 1663 a
937 1639 996 1676 pr.
1018 1639 1073 1664 m.
1106 1628 1266 1664 omittit.

269 1700 305 1748 ς.
337 1699 406 1735 25.
467 1693 633 1734 Coelius.
684 1690 810 1731 Amb.
837 1696 875 1730 1.
916 1689 1024 1730 Flor.
1063 1694 1185 1730 etiam
1224 1690 1419 1733 caecilius.
1535 1704 1603 1733 aut

143 1764 237 1823 fac.
269 1773 334 1802 aut
366 1762 445 1812 (ἶίς.
504 1759 572 1800 Sic
612 1762 734 1798 etiam
769 1757 880 1799 Flor.
995 1757 1173 1798 curulem.
1222 1756 1360 1799 Turio.
1404 1774 1426 1798 a
1454 1775 1513 1813 pr.
1544 1777 1601 1803 m,

157 1832 331 1875 cnr-ilem.
382 1828 517 1875 Guelf.
545 1827 746 1868 currulem.
828 1828 980 1882 flagris
1010 1825 1222 1879 aliquando
1254 1842 1353 1866 caeS.
1393 1826 1462 1867 Sic
1483 1831 1604 1869 etiam

156 1900 267 1941 Flor.
381 1909 421 1936 ut
451 1900 499 1937 in.
560 1895 701 1948 Camp.
743 1898 893 1935 omittit
930 1886 993 1943 ui,
1045 1892 1167 1933 Amb.
1201 1899 1238 1933 1.
1270 1896 1324 1934 in.
1436 1897 1602 1951 pyoeicle.

156 1968 281 2010 Amb.
304 1972 341 2007 1.
372 1965 406 2006 F
408 1969 482 2005 lor.
514 1979 675 2019 quoque
702 1962 866 2018 puxicle.
968 1961 1082 2017 quod.
1131 1960 1269 2001 Turio.
1299 1977 1395 2016 apr,
1415 1979 1471 2003 m.
1493 1962 1601 2004 Flor.

158 2053 247 2092 quo.
361 2035 525 2075 oratori.
586 2031 711 2072 Amb.
745 2035 783 2070 1.
827 2033 992 2070 aratori.
1117 2032 1203 2070 viro
1241 2046 1304 2083 gr.
1375 2029 1443 2071 Sic
1481 2034 1604 2072 etiam

155 2104 266 2146 Flor.

272 2173 308 2224 ξ.
339 2174 404 2212 26.
463 2168 511 2208 (ἵε
539 2168 660 2208 vultu.
718 2165 786 2207 Sic
824 2169 946 2205 etiam
987 2164 1100 2205 Sich.
1175 2165 1241 2204 secl
1269 2165 1376 2204 vultu
1403 2164 1528 2206 Amb.
1564 2172 1601 2207 1.

158 2240 267 2282 Flor.
384 2238 488 2292 quib.
515 2247 570 2275 est
601 2234 705 2290 quid.
761 2232 871 2274 Flor.
911 2232 1048 2286 Camp.
1078 2235 1268 2272 omittunt
1296 2243 1363 2273 est.
1476 2236 1605 2287 major

159 2326 256 2350 cum.
313 2305 422 2347 Flor.
466 2307 587 2345 etiam
625 2306 751 2357 major
789 2317 883 2341 eum.
1004 2300 1196 2340 videntur.
1252 2299 1378 2340 Amb.
1412 2306 1449 2341 1.
1492 2300 1601 2342 Flor.

160 2391 322 2432 quoque
351 2373 516 2413 videtur.
623 2381 678 2409 est
706 2370 767 2409 his
795 2392 850 2400 -
878 2366 1073 2409 insulsius.
1123 2367 1191 2408 Sic
1223 2371 1344 2408 etiam
1372 2366 1405 2408 F
1407 2371 1480 2409 lor.
1510 2368 1603 2410 Par.

163 2450 202 2483 1.
237 2451 275 2485 2.
333 2441 393 2482 At
419 2440 545 2481 Amb.
581 2443 618 2479 1.
660 2448 715 2477 est
753 2437 813 2476 his
852 2436 905 2489 (a
934 2452 1012 2476 sec.
1042 2451 1097 2475 m.
1139 2447 1194 2475 est
1224 2435 1280 2489 is)
1323 2452 1422 2490 quae
1460 2435 1605 2475 (licenti

161 2511 270 2551 salsa
297 2510 472 2549 [licentur
502 2506 689 2547 insullius.
746 2503 856 2544 Sich.
887 2519 942 2543 ex
972 2503 1032 2542 his
1063 2520 1158 2558 quae
1187 2504 1318 2543 dicunt
1349 2520 1381 2543 5.
1415 2502 1546 2542 dicunt
1573 2505 1600 2542 i.

246 2579 371 2618 dictis.
429 2576 554 2617 Amb.
587 2580 624 2615 1.
666 2573 839 2613 dicentis.
954 2571 1058 2626 quod
1096 2575 1174 2626 qui.
1231 2570 1298 2611 Sic
1329 2574 1448 2609 etiam
1475 2569 1600 2611 Amb.

167 2650 206 2684 1.
320 2645 396 2685 dic.
435 2661 524 2684 non.
582 2642 706 2682 Amb.
743 2645 781 2680 1.
820 2654 978 2693 quoque
1017 2642 1134 2678 inser.
1178 2638 1261 2679 illa.
1320 2636 1425 2677 Flor.
1458 2636 1603 2675 [licitur

165 2711 238 2751 illa
268 2729 351 2752 non.
466 2712 690 2752 inurbanus.
748 2707 872 2748 Amb.
898 2712 934 2747 1.
968 2723 989 2747 a
1021 2723 1078 2760 pr.
1108 2721 1161 2746 m.
1194 2705 1301 2746 Flor.
1338 2708 1455 2744 etiam
1484 2703 1603 2742 urba-
