1775 3091
205 261 288 300 236
653 253 925 310 Supplemenla
965 256 1226 294 annotationis

315 370 354 423 ยง.
391 375 429 412 2.
481 372 752 424 pejeraturum.
815 365 948 406 Etiam
974 365 1100 407 Amb.
1137 372 1175 408 1.
1208 367 1317 408 Flor.
1349 366 1501 408 Cervic.
1536 370 1638 421 peje-

206 453 309 478 rare.
423 453 501 491 qua
527 436 628 490 plus.
693 432 827 475 Guelf.
860 433 961 475 Bad.
1005 437 1144 474 insert.
1176 445 1226 474 et.
1291 434 1417 475 Amb.
1448 440 1486 475 1.
1527 433 1636 477 Flor.

205 514 454 559 anteponunt
481 513 561 543 aut.
662 501 781 557 fidei.
839 500 965 542 Amb.
993 507 1033 542 2.
1063 500 1181 543 Voss.
1206 507 1244 542 3.
1278 500 1400 543 Bern.
1436 505 1635 542 omittunt.

292 580 552 626 consequetur.
609 567 736 610 Amb.
761 574 799 610 1.
822 575 860 610 2.
881 568 1014 610 Guelf.
1036 569 1152 610 Voss.
1174 575 1210 610 1.
1237 576 1276 610 2.
1300 573 1552 625 consequitur.

201 642 374 696 patietur
403 637 532 678 modo.
590 636 679 677 Hoc
707 638 843 677 ordine
876 640 996 676 etiam
1025 636 1150 678 Amb.
1188 643 1226 678 1.
1292 641 1474 692 patiatur
1503 635 1637 677 Guelf.
1680 663 1684 667 -

206 706 330 749 Goth.
426 715 492 744 aut
509 715 678 760 praeter.
733 703 800 745 Sic
820 708 939 744 etiam
957 703 1084 744 Amb.
1109 710 1146 746 1.
1231 722 1383 746 causae.
1449 704 1576 745 Amb.
1599 710 1638 744 1.

205 789 231 814 a
251 790 308 827 pr.
325 789 381 813 m.
410 772 547 813 Tul-Ic.
571 788 594 812 a
613 788 672 825 pr.
694 787 750 812 m.
770 771 878 812 Flor.
901 770 1035 812 Guelf.
1058 770 1180 812 Goth.
1198 770 1316 813 Voss.
1340 778 1377 813 1.
1399 771 1507 813 Jens.
1537 770 1638 811 Loc.

205 841 314 882 Ven.
340 857 473 881 causa.
531 839 655 880 Amb.
677 845 714 880 1.
736 855 758 879 a
774 855 852 879 sec.
874 854 928 879 m.
953 843 1086 879 causti.
1189 842 1454 880 instrumenta.
1510 837 1638 880 Amb.

206 914 246 950 1.
270 908 378 948 Flor.
402 907 536 949 Guelf.
560 906 685 948 Goth.
708 905 826 947 Voss.
851 912 888 946 1.
916 909 1218 945 instrumentum.
1305 906 1457 960 adjicit.
1501 906 1638 947 Turio.

204 976 343 1018 adicit.
458 992 586 1016 conse.
625 992 727 1015 suae.
787 973 923 1014 Turio.
947 972 1086 1026 Camp.
1121 990 1154 1014 c.
1175 984 1339 1013 nostrae.

319 1045 355 1096 ฮพ.
397 1050 433 1085 3.
506 1046 674 1097 recipiet.
739 1040 862 1081 Amb.
892 1046 927 1081 1.
961 1043 1110 1095 recipit.
1224 1052 1259 1080 et
1294 1043 1466 1095 iniquam
1504 1039 1638 1082 Guelf.

206 1111 334 1154 Amb.
363 1118 402 1153 2.
434 1111 545 1151 Sich.
578 1114 790 1161 omittunt3
829 1108 951 1148 Bern.
980 1124 1059 1148 om.
1094 1111 1280 1162 iniquam.
1338 1108 1445 1148 Jeus.
1480 1117 1519 1148 et
1546 1109 1637 1149 edd.

205 1191 299 1221 ante
322 1180 434 1221 Sich.
457 1182 583 1219 omitt.
606 1189 653 1217 et.
770 1178 970 1217 contemni.
1024 1174 1158 1216 Guelf.
1182 1178 1409 1230 contempni.
1517 1178 1642 1230 juris-

202 1248 375 1304 jurandi.
441 1245 571 1287 Guelf.
610 1244 733 1286 Goth.
771 1244 910 1297 Camp.
943 1244 1178 1297 jusjurandi.
1304 1244 1472 1299 quidam.
1530 1244 1638 1284 Jens.

205 1316 374 1371 quidem.
471 1331 556 1354 cum
577 1316 706 1353 etiam.
764 1313 969 1352 Editiones
990 1327 1102 1351 meae
1127 1328 1148 1351 a
1169 1311 1277 1352 Jens.
1306 1313 1356 1351 ad
1377 1310 1534 1366 Gryph.
1553 1327 1639 1351 exc.

207 1383 320 1424 Sich.
362 1400 448 1422 cum
483 1392 530 1422 ct.
648 1398 774 1433 ogere.
845 1379 911 1420 Sic
939 1380 1060 1419 habet
1103 1378 1230 1419 Amb.
1267 1385 1302 1419 1.
1368 1378 1504 1418 Etiam
1532 1378 1641 1418 Flor.

205 1449 332 1492 Amb.
354 1457 393 1491 2.
418 1466 478 1490 ac.
577 1449 676 1487 hum.
700 1464 844 1486 curam.
903 1445 1029 1486 Amb.
1057 1452 1093 1486 1.
1117 1462 1196 1486 om.
1220 1463 1353 1485 curam
1383 1462 1404 1485 a
1421 1462 1480 1499 pr.
1499 1461 1554 1485 m.

206 1529 404 1573 negarent.
464 1516 589 1557 Amb.
616 1521 652 1555 1.
687 1514 823 1554 Turio.
843 1514 950 1553 Flor.
976 1528 998 1551 a
1020 1529 1079 1565 pr.
1100 1529 1156 1553 m.
1177 1506 1288 1554 Alin.
1310 1523 1462 1566 negant.
1559 1529 1642 1551 eum

206 1602 314 1627 vero.
374 1584 495 1626 Goth.
519 1601 604 1623 cum
624 1599 728 1622 vero.
777 1582 902 1622 Amb.
919 1586 956 1621 1.
982 1584 1151 1631 omittit,
1182 1590 1221 1620 et
1243 1596 1320 1620 sec.
1340 1596 1396 1620 m.
1416 1583 1533 1620 inser.
1555 1590 1643 1633 post

205 1656 286 1709 qui.
398 1651 602 1708 deferente.
661 1650 768 1689 Flor.
795 1650 1007 1704 differente.
1121 1659 1155 1686 et
1178 1651 1315 1702 ipsum.
1374 1647 1510 1687 Turio.
1532 1647 1641 1688 Flor.

206 1736 233 1761 a
247 1736 306 1775 pr.
328 1735 384 1759 m.
407 1736 446 1758 se
465 1722 601 1773 ipsum.
704 1717 834 1772 offert.
884 1715 1022 1768 Camp.
1056 1716 1187 1770 offert.

320 1789 356 1840 ยง.
386 1787 427 1826 4.
485 1803 612 1839 agere.
670 1783 738 1824 Sic
764 1787 886 1823 etjam
914 1782 1038 1822 Amb.
1071 1788 1108 1822 1.
1138 1783 1245 1823 Flor.
1279 1781 1368 1822 Par.
1404 1786 1441 1822 1.
1557 1799 1642 1822 cum

203 1855 304 1900 litis.
361 1853 485 1894 Aan.
509 1858 546 1893 1.
566 1855 630 1907 qui
651 1851 744 1907 litis.
860 1861 895 1889 et
922 1867 1017 1890 eum.
1078 1850 1213 1890 Turio.
1247 1860 1281 1888 et
1304 1866 1402 1889 cum.
1454 1848 1578 1890 Aan.
1601 1856 1642 1890 2.

207 1936 244 1965 et
264 1927 356 1978 ejuS.
450 1921 602 1960 liberat.
662 1918 729 1959 Sic
749 1922 867 1958 etiam
883 1917 1007 1957 Aan.
1029 1923 1066 1957 1.
1089 1924 1127 1958 2.
1149 1918 1255 1958 Flor.
1277 1917 1367 1958 Par.
1394 1922 1431 1956 1.
1523 1929 1641 1958 stare.

207 1992 276 2034 Sic
297 1989 540 2043 etiamssFlor.
562 1987 652 2027 Par.
677 1992 714 2027 1.
738 1993 778 2027 2.
804 1985 934 2027 Coliu.
987 1985 1048 2026 At
1068 1985 1177 2025 Sich.
1199 1987 1298 2024 stari
1320 1994 1410 2024 ante
1430 1982 1553 2024 Basil.

205 2058 367 2100 mavult.
426 2056 550 2096 Aan.
584 2060 620 2095 1.
651 2069 810 2109 quoque
836 2052 996 2093 mavolt.
1057 2052 1163 2092 Flor.
1187 2069 1206 2092 a
1227 2069 1285 2106 pr.
1307 2068 1361 2092 m.
1393 2051 1563 2102 mavelit,
1619 2067 1643 2092 a

206 2142 286 2168 sec.
304 2140 361 2166 m.
382 2123 529 2164 mavult
551 2139 643 2164 cum
663 2121 785 2162 Amb.
809 2127 847 2162 2.
879 2120 967 2161 Par.
989 2126 1022 2161 1.
1047 2127 1083 2161 2.
1105 2126 1143 2161 3.
1202 2119 1312 2160 Ante
1339 2119 1490 2174 Gryph.
1522 2123 1643 2160 etiam

208 2192 340 2236 Colin-
368 2191 493 2231 malit.

321 2261 357 2313 ยง.
390 2263 427 2300 5.
487 2261 569 2313 ipsi
589 2275 675 2299 non.
723 2256 863 2309 Camp.
883 2257 999 2296 inser.
1019 2266 1180 2295 notam..
1251 2254 1323 2293 hoc
1344 2270 1471 2294 unum.
1515 2252 1641 2296 Amb.

211 2334 250 2369 1.
280 2327 417 2369 Turio.
450 2325 556 2366 Flor.
584 2329 771 2366 omittunt
799 2325 885 2363 hoc.
1003 2323 1044 2361 id
1063 2325 1130 2375 agi
1148 2333 1201 2361 ut.
1252 2321 1386 2361 Turio.
1408 2321 1515 2362 Flor.
1541 2338 1562 2361 a
1580 2339 1641 2376 pr.

208 2411 265 2437 m.
297 2395 338 2434 id
357 2396 455 2447 agie.
571 2405 610 2433 ut
633 2397 672 2433 in
692 2408 822 2432 causa.
880 2389 1002 2430 Amb.
1024 2395 1061 2430 1.
1087 2407 1130 2429 ea
1158 2392 1197 2428 in
1227 2405 1357 2428 causa.
1412 2388 1519 2429 Jens.
1539 2388 1640 2430 Loc.

210 2462 363 2505 Cervic.
384 2460 515 2502 Colin.
540 2459 695 2515 Gryph.
719 2469 758 2498 ut
775 2461 814 2496 in
831 2475 876 2497 ea
897 2474 1028 2497 causa.
1114 2473 1189 2496 non
1205 2459 1340 2510 possit.
1398 2454 1516 2496 Voss.
1541 2461 1579 2496 1.
1602 2461 1640 2496 3.

210 2534 341 2571 omitt.
370 2545 458 2569 non.
570 2529 693 2582 possit
721 2527 842 2580 queri.
901 2525 1010 2565 Haec
1043 2527 1189 2565 omittit
1217 2522 1337 2564 Aan.
1366 2529 1405 2564 1.
1518 2525 1643 2577 queri-

211 2595 334 2638 Amb.
362 2602 398 2637 2.
429 2595 561 2636 Guelf.
593 2595 704 2637 Jens.
733 2592 834 2633 Bad.
871 2591 1024 2633 Cervic.
1048 2595 1195 2648 quaeri.
1309 2590 1453 2630 malum
1471 2605 1640 2644 occupa-

209 2674 350 2705 turum.
420 2664 555 2704 Turio.
593 2661 727 2702 malim
759 2670 1006 2699 mutaturum.
1072 2660 1196 2701 Amb:
1231 2665 1268 2699 1.
1297 2658 1412 2710 {Flor.
1442 2672 1465 2696 a
1491 2672 1551 2710 pt.
1580 2671 1636 2696 m.

210 2730 324 2772 malli
361 2742 605 2771 mutaturum.
668 2728 793 2771 Amb.
838 2732 874 2767 1.
927 2726 1032 2768 Flor.
1077 2743 1098 2768 a
1137 2742 1196 2781 pr.
1236 2742 1290 2766 m.
1413 2741 1453 2764 se
1500 2735 1637 2765 autem.
