1775 3091
275 249 326 288 ad
357 248 516 302 Quintil.
550 248 681 287 Instir.
714 247 750 298 Ι,
784 250 817 284 1.
853 249 886 300 §.
912 251 1104 286 31-38,
1152 253 1190 288 2.
1225 247 1431 296 §.1—7.
1521 251 1568 285 13

247 366 279 418 ᾗ.
313 369 350 403 3.
412 363 581 403 dicendi.
636 360 812 402 discendi
849 360 958 401 lens.
1003 359 1121 401 Tarv.
1154 359 1262 400 Ven.
1295 357 1394 401 Ald.
1427 357 1567 412 Camp.

136 430 256 472 Goth.
299 429 458 482 Guelf.‚
508 430 605 470 Tur.
658 445 680 469 a
726 444 782 470 m.
831 445 907 469 sec.
962 428 1100 483 (prior
1138 431 1248 467 enim
1295 427 1404 466 dedit
1443 426 1566 481 dia).

219 502 334 538 ctiam
365 501 400 537 si
424 509 550 552 potest
579 499 729 538 habent
758 501 881 537 etiam
906 497 1003 538 Tur.
1037 495 1143 537 Flor.
1174 494 1301 537 Amb.
1336 501 1399 546 1.3
1445 495 1567 534 iidem

137 569 238 607 male
269 567 364 606 dant
401 566 514 616 volo,
562 576 606 606 ut
635 564 746 606 Sich.
783 564 885 606 Bad.
929 566 1080 605 Cervic.
1139 560 1188 603 In
1215 562 1406 604 Parisinis
1437 565 1569 602 omni-

136 636 206 674 bus
234 645 363 688 potest
394 637 472 687 legi
503 636 709 672 annotavit
738 631 964 673 I'ottierius.

244 704 276 755 ξ.
306 703 345 741 4.
406 718 567 756 quoque.
619 702 770 740 Assum
808 701 958 751 multa‚·
1004 704 1059 740 ita
1103 698 1203 740 Obr.
1246 696 1389 754 (ads.)
1420 696 1568 749 Gesn.;

135 769 223 808 edd.
256 783 393 808 omnes
422 772 570 822 priores
601 786 663 823 q.‚
705 780 741 807 et
769 780 856 808 sunt
884 786 958 817 m.,
998 779 1041 808 ut
1071 768 1195 808 Paris.¹
1231 771 1267 806 1.
1291 772 1331 807 2.
1359 771 1397 806 3.
1431 764 1565 806 Guelf.

135 835 232 876 Tur.
273 837 341 890 (in
379 852 459 892 quo
502 839 553 877 al.
595 851 651 877 m.
694 851 811 891 supra
844 852 942 877 corr.
975 833 1151 888 assunt)⁴
1212 845 1247 872 et
1276 833 1416 872 adsunt
1445 832 1567 875 Goth.

135 902 236 956 (err.
269 902 432 959 Gesn.).
491 903 597 944 Flor.
629 907 711 944 ita:
753 915 788 942 ct
829 902 934 958 (hoc
962 907 1141 957 superius
1172 900 1378 956 additum)
1416 912 1503 940 sunt
1535 913 1571 940 ct

136 987 186 1012 m.
260 971 409 1025 [Conf.
457 973 681 1025 Spaldingii
725 975 888 1025 praefat.
942 973 991 1011 ad
1039 971 1136 1011 Vol.
1172 968 1205 1010 I.
1251 985 1290 1022 p.
1331 967 1568 1020 LXXIII]

220 1050 299 1077 tam
329 1038 456 1078 laesae
486 1039 632 1085 hercle,
676 1055 804 1092 quam.
847 1040 999 1079 hercule
1027 1038 1149 1079 Goth.
1181 1036 1287 1076 Flor.
1320 1036 1418 1076 Tur.
1441 1037 1567 1082 Amb.

139 1113 174 1146 1.
210 1105 348 1159 Camp.
410 1117 489 1144 iam
519 1104 672 1144 hercule
701 1122 817 1159 quam
849 1105 949 1145 Tur.
982 1105 1088 1144 Flor.
1124 1105 1250 1144 Amb.
1278 1109 1316 1143 1.
1374 1115 1454 1143 tam
1478 1122 1570 1159 per-

137 1172 240 1211 ditae
260 1188 375 1226 quam
396 1174 495 1212 Obr.
519 1172 636 1211 Voss.
659 1177 699 1211 2.
729 1170 832 1211 Bad.
865 1181 905 1212 et
936 1170 1089 1212 Cei-vic.
1113 1174 1156 1209 ixi
1176 1185 1326 1222 margg.
1444 1175 1572 1223 cujus-

136 1256 208 1294 que
237 1250 358 1279 totum
389 1256 470 1280 cur.
532 1243 607 1290 cuj.
649 1249 797 1278 tantum
833 1250 955 1279 totum
992 1241 1108 1279 Voss.
1144 1242 1181 1277 1.
1214 1242 1253 1277 3.
1314 1241 1388 1291 cuj.
1427 1249 1573 1279 fantum

137 1324 218 1347 cur.
259 1307 360 1350 Ald.
430 1310 505 1361 cuj.
558 1318 686 1346 tamen
728 1323 809 1346 cur.
859 1307 968 1348 Sich.
1040 1308 1116 1360 cuj.
1167 1316 1294 1344 tamen
1330 1316 1450 1345 totum
1489 1323 1571 1347 cur.

138 1373 272 1416 Guelf.
384 1385 511 1429 potest
549 1377 673 1429 turpis
710 1390 788 1414 esse
827 1379 949 1415 etiam
987 1374 1087 1415 Tur.
1135 1373 1241 1413 Flor.
1278 1372 1418 1426 Camp.
1459 1373 1570 1415 Sich.

135 1453 217 1496 pot.
248 1454 351 1497 turp.
387 1443 616 1483 domesticus
647 1459 726 1482 esse
755 1442 879 1484 Amb.
917 1448 955 1483 1.
989 1441 1058 1481 ille
1088 1457 1167 1481 om.
1201 1439 1330 1482 Amb.
1363 1446 1401 1480 1.

251 1512 289 1561 §.
323 1517 361 1551 5.
418 1514 636 1564 parentium
666 1510 764 1551 Tur.
797 1510 954 1552 Almel.
999 1540 1002 1544 ·
1057 1509 1192 1566 faciet
1222 1509 1329 1549 edd..
1349 1518 1440 1548 ante
1467 1508 1570 1550 Bad.

138 1593 220 1618 aco.
259 1577 372 1619 Sich.
499 1579 730 1618 zimebantur
765 1580 864 1620 Bad.
913 1577 1028 1619 Cerv.
1066 1577 1165 1617 Vid.
1205 1575 1337 1617 Colin.
1378 1579 1472 1630 alii3
1518 1580 1573 1617 sio

139 1644 266 1687 Amb.
293 1651 330 1686 1.
363 1643 486 1687 G'oth.
519 1646 636 1688 Voss.
658 1653 698 1689 2.
760 1648 942 1687 timebunt
972 1647 1064 1686 edd.
1096 1648 1190 1700 aliq.
1223 1653 1318 1684 vett.

253 1715 291 1763 ξ.
325 1718 362 1753 6.
422 1725 458 1753 et
486 1725 578 1755 ante
607 1718 745 1756 mentis
775 1731 855 1757 om.
898 1714 998 1755 Tur.
1043 1712 1150 1753 Flor.
1190 1710 1319 1753 Amb.
1357 1717 1394 1752 1.
1437 1710 1571 1753 Guelf.

138 1781 255 1822 Voss.
284 1786 322 1822 3.
355 1780 496 1835 Camp.
584 1793 620 1822 et
650 1792 742 1823 ante
769 1787 852 1836 jam
890 1798 970 1822 om.
1014 1784 1152 1833 Camp.
1188 1788 1227 1818 et
1257 1781 1328 1818 rel.
1361 1781 1449 1819 edd,
1482 1790 1574 1818 ante

137 1848 266 1900 Bad.‚
313 1864 394 1890 acc.
436 1849 548 1891 Sich.
591 1849 715 1891 Goth.
761 1848 895 1890 Guelf.
933 1848 1051 1888 Voss.
1095 1852 1132 1886 1.
1174 1845 1296 1885 Bern.
1331 1845 1429 1886 Tur.
1462 1846 1569 1887 Flor.

140 1917 268 1958 Amb.
296 1922 334 1957 1.
365 1919 557 1970 probante
586 1916 723 1970 Spald.
750 1919 795 1956 in
825 1918 915 1956 coll.
949 1912 1083 1954 Guelf.
1164 1914 1248 1964 jam
1269 1928 1432 1966 coquum
1462 1913 1570 1954 Jens.

142 1983 263 2024 Tarv.
286 1983 393 2023 Ven.
408 2015 418 2034 ‚
446 1994 484 2024 et
500 1985 594 2023 inde
605 1983 753 2037 Regius
774 1999 873 2024 corr.
899 1998 1081 2032 coccum‚·
1109 1980 1283 2020 concidit
1302 1983 1421 2032 igitur
1432 1979 1569 2034 Spald.

143 2055 386 2102 conjectura,
431 2050 607 2090 Florent.
641 2052 734 2090 dare
764 2067 910 2091 cocum.
957 2053 1041 2103 jam
1071 2048 1196 2088 locum
1228 2045 1337 2101 (sic)
1367 2047 1495 2088 Amb.
1530 2053 1568 2088 1.

144 2135 166 2159 a
193 2133 250 2159 m.
279 2134 382 2169 sec.‚
432 2120 576 2157 abrasis
615 2121 776 2158 vocibus
814 2120 1046 2171 originariis.
1088 2115 1187 2155 Tur.
1229 2114 1335 2155 Flor.
1375 2124 1569 2154 tacentur.

143 2187 265 2227 Paris.
299 2191 335 2225 1.
360 2192 399 2226 2.
423 2191 461 2225 3.
485 2191 523 2225 6.
556 2201 734 2235 coccum,
776 2185 898 2226 Paris.
931 2185 969 2225 4.
1004 2188 1042 2225 5.
1074 2200 1221 2223 cocum.
1283 2181 1436 2235 [Recte
1457 2183 1573 2223 vide-

144 2264 209 2295 tur
238 2253 491 2306 Spalding-ius
524 2253 831 2305 disputationem
857 2268 903 2292 eo
933 2253 1151 2297 deducere,
1194 2259 1240 2289 ut
1267 2266 1430 2303 coquum
1457 2265 1574 2302 prae-

143 2325 242 2361 ferat
277 2336 419 2371 cocco,
469 2323 659 2372 probante
697 2319 836 2374 Sarpio
877 2319 1004 2361 Anal.
1037 2334 1077 2371 p.
1108 2324 1176 2358 20.
1221 2319 1291 2372 qui
1332 2317 1408 2356 hoc
1440 2319 1571 2368 expli-

149 2388 266 2428 candi
295 2402 413 2427 causa
445 2387 608 2437 adjecit:
663 2389 785 2438 „Nos
812 2390 994 2427 similiter
1029 2386 1220 2436 dicimus,
1265 2399 1308 2423 er
1335 2384 1464 2424 kennt
1496 2385 1575 2423 den.

148 2455 292 2505 Koch,
322 2463 367 2494 ut
386 2454 636 2493 ostendamus
656 2455 705 2492 de
734 2458 852 2509 coqui
872 2456 1034 2494 artificio
1052 2454 1319 2504 intelligenter
1338 2450 1570 2502 judicari.“]

262 2523 300 2571 §.
333 2525 392 2561 7.‘
419 2537 534 2574 quam
561 2537 686 2560 mores
715 2522 804 2562 edd.
835 2525 928 2576 aliq.
961 2529 1080 2567 vett.7
1118 2533 1289 2573 quormn
1314 2521 1358 2556 in
1378 2533 1491 2558 num.
1517 2527 1574 2557 est

153 2589 318 2643 Camp.,
369 2603 449 2627 acc.
492 2586 591 2629 Obr.
632 2587 737 2629 Flor.
787 2588 859 2644 (in
894 2589 971 2628 hoc
1008 2589 1086 2626 alia
1122 2594 1281 2626 tantum
1316 2600 1458 2625 manus
1500 2586 1573 2624 ad-

152 2660 303 2710 scripsit
335 2654 402 2708 os)
432 2653 530 2696 Tus.
557 2655 675 2697 Bodl.
707 2656 834 2697 Palat.
857 2657 958 2699 duo,
985 2654 1106 2694 Paris.
1128 2659 1165 2694 1.
1199 2669 1242 2693 os
1261 2653 1418 2692 defend.
1445 2652 1568 2691 Goth.

155 2723 267 2778 [Sed
295 2739 443 2775 mores,
492 2724 526 2763 si
563 2724 658 2764 fides
693 2726 850 2765 silendo
881 2723 1065 2764 habenda
1096 2730 1176 2773 est,
1220 2722 1353 2762 extitit
1379 2722 1499 2759 etlam
1528 2722 1572 2758 in
