<?xml version="1.0" encoding="UTF-8"?>
<!DOCTYPE html PUBLIC "-//W3C//DTD XHTML 1.0 Transitional//EN"
    "http://www.w3.org/TR/xhtml1/DTD/xhtml1-transitional.dtd">
<html xmlns="http://www.w3.org/1999/xhtml" xml:lang="en" lang="en">
 <head>
  <title>
</title>
<meta http-equiv="Content-Type" content="text/html;charset=utf-8" />
  <meta name='ocr-system' content='tesseract 3.04.00' />
  <meta name='ocr-capabilities' content='ocr_page ocr_carea ocr_par ocr_line ocrx_word'/>
</head>
<body>
  <div class='ocr_page' id='page_1' title='image "./lexiconquintilia05bonnuoft_0302.png"; bbox 0 0 1775 3091; ppageno 0'>
   <div class='ocr_carea' id='block_1_1' title="bbox 229 238 1295 293">
    <p class='ocr_par' dir='ltr' id='par_1_1' title="bbox 229 238 1295 293">
     <span class='ocr_line' id='line_1_1' title="bbox 229 238 1295 293; baseline 0.002 -16"><span class='ocrx_word' id='word_1_1' title='bbox 229 241 311 282; x_wconf 77' lang='grc'><strong>254</strong></span> <span class='ocrx_word' id='word_1_2' title='bbox 674 238 942 293; x_wconf 71' lang='lat' dir='ltr'><strong><em>Supplementa</em></strong></span> <span class='ocrx_word' id='word_1_3' title='bbox 971 242 1231 284; x_wconf 69' lang='lat' dir='ltr'><em>annotationis</em></span> <span class='ocrx_word' id='word_1_4' title='bbox 1294 290 1295 293; x_wconf 11' lang='grc' dir='ltr'><strong>Ἴ</strong></span> 
     </span>
    </p>
   </div>
   <div class='ocr_carea' id='block_1_2' title="bbox 184 348 1663 2762">
    <p class='ocr_par' dir='ltr' id='par_1_2' title="bbox 229 348 1662 474">
     <span class='ocr_line' id='line_1_2' title="bbox 229 348 1662 406; baseline 0.002 -14"><span class='ocrx_word' id='word_1_5' title='bbox 229 363 317 392; x_wconf 79' lang='lat' dir='ltr'><strong><em>sunt</em></strong></span> <span class='ocrx_word' id='word_1_6' title='bbox 345 352 385 393; x_wconf 85' lang='grc' dir='ltr'><strong>Ῐι.</strong></span> <span class='ocrx_word' id='word_1_7' title='bbox 499 368 524 392; x_wconf 88' lang='grc' dir='ltr'><em>α</em></span> <span class='ocrx_word' id='word_1_8' title='bbox 552 351 694 406; x_wconf 58' lang='lat' dir='ltr'><strong><em>quibus</em></strong></span> <span class='ocrx_word' id='word_1_9' title='bbox 751 348 876 390; x_wconf 84' lang='lat' dir='ltr'><strong>Amb.</strong></span> <span class='ocrx_word' id='word_1_10' title='bbox 903 355 941 393; x_wconf 77' lang='grc'><strong>1.</strong></span> <span class='ocrx_word' id='word_1_11' title='bbox 967 366 1047 393; x_wconf 82' lang='lat' dir='ltr'><strong>om..</strong></span> <span class='ocrx_word' id='word_1_12' title='bbox 1077 368 1114 392; x_wconf 87' lang='lat' dir='ltr'><strong>a.</strong></span> <span class='ocrx_word' id='word_1_13' title='bbox 1212 352 1315 406; x_wconf 75' lang='lat' dir='ltr'><strong><em>quib.</em></strong></span> <span class='ocrx_word' id='word_1_14' title='bbox 1344 375 1396 389; x_wconf 57' lang='grc' dir='ltr'><strong>-ψ-</strong></span> <span class='ocrx_word' id='word_1_15' title='bbox 1428 356 1488 392; x_wconf 74' lang='lat' dir='ltr'><strong>sit.</strong></span> <span class='ocrx_word' id='word_1_16' title='bbox 1536 354 1662 395; x_wconf 83' lang='lat' dir='ltr'>Amb.</span> 
     </span>
     <span class='ocr_line' id='line_1_3' title="bbox 233 418 1212 474; baseline -0.004 -11"><span class='ocrx_word' id='word_1_17' title='bbox 233 426 269 464; x_wconf 85' lang='lat'><strong>1.</strong></span> <span class='ocrx_word' id='word_1_18' title='bbox 299 420 406 462; x_wconf 86' lang='lat' dir='ltr'>Flor.</span> <span class='ocrx_word' id='word_1_19' title='bbox 450 434 474 459; x_wconf 82' lang='lat' dir='ltr'><strong>a</strong></span> <span class='ocrx_word' id='word_1_20' title='bbox 502 436 561 473; x_wconf 86' lang='lat' dir='ltr'><strong>pr.</strong></span> <span class='ocrx_word' id='word_1_21' title='bbox 596 433 649 457; x_wconf 89' lang='lat' dir='ltr'><strong>m.</strong></span> <span class='ocrx_word' id='word_1_22' title='bbox 684 418 803 457; x_wconf 75' lang='lat' dir='ltr'>etiam</span> <span class='ocrx_word' id='word_1_23' title='bbox 833 418 934 473; x_wconf 79' lang='lat' dir='ltr'><em>quib.</em></span> <span class='ocrx_word' id='word_1_24' title='bbox 966 420 1121 474; x_wconf 80' lang='lat' dir='ltr'><strong><em>quisque</em></strong></span> <span class='ocrx_word' id='word_1_25' title='bbox 1148 422 1212 460; x_wconf 77' lang='lat' dir='ltr'><strong>sit.</strong></span> 
     </span>
    </p>

    <p class='ocr_par' dir='ltr' id='par_1_3' title="bbox 218 484 1663 1149">
     <span class='ocr_line' id='line_1_4' title="bbox 342 484 1575 541; baseline -0.002 -13"><span class='ocrx_word' id='word_1_26' title='bbox 342 490 377 540; x_wconf 83' lang='lat'><strong>§.</strong></span> <span class='ocrx_word' id='word_1_27' title='bbox 408 492 474 529; x_wconf 89' lang='grc'><strong>26.</strong></span> <span class='ocrx_word' id='word_1_28' title='bbox 518 486 762 541; x_wconf 79' lang='lat' dir='ltr'><strong><em>frequenter.</em></strong></span> <span class='ocrx_word' id='word_1_29' title='bbox 817 484 941 526; x_wconf 82' lang='lat' dir='ltr'><strong>Amb.</strong></span> <span class='ocrx_word' id='word_1_30' title='bbox 968 491 1004 526; x_wconf 88' lang='lat'><strong>1.</strong></span> <span class='ocrx_word' id='word_1_31' title='bbox 1037 485 1173 526; x_wconf 80' lang='lat' dir='ltr'><strong>Turio.</strong></span> <span class='ocrx_word' id='word_1_32' title='bbox 1205 485 1342 540; x_wconf 79' lang='lat' dir='ltr'>Camp.</span> <span class='ocrx_word' id='word_1_33' title='bbox 1373 490 1575 527; x_wconf 75' lang='lat' dir='ltr'><strong>omittunt.</strong></span> 
     </span>
     <span class='ocr_line' id='line_1_5' title="bbox 227 550 1662 596; baseline -0.001 0"><span class='ocrx_word' id='word_1_34' title='bbox 227 555 413 596; x_wconf 79' lang='lat' dir='ltr'><em>libidinis.</em></span> <span class='ocrx_word' id='word_1_35' title='bbox 470 552 596 593; x_wconf 83' lang='lat' dir='ltr'><strong>Aan.</strong></span> <span class='ocrx_word' id='word_1_36' title='bbox 632 557 670 592; x_wconf 87' lang='lat'><strong>1.</strong></span> <span class='ocrx_word' id='word_1_37' title='bbox 711 550 876 593; x_wconf 75' lang='lat' dir='ltr'><em>libidini.</em></span> <span class='ocrx_word' id='word_1_38' title='bbox 988 554 1048 593; x_wconf 77' lang='lat' dir='ltr'><strong>his</strong></span> <span class='ocrx_word' id='word_1_39' title='bbox 1088 565 1210 594; x_wconf 81' lang='lat' dir='ltr'><strong><em>contr.</em></strong></span> <span class='ocrx_word' id='word_1_40' title='bbox 1267 553 1374 595; x_wconf 85' lang='lat' dir='ltr'><strong>Jens.</strong></span> <span class='ocrx_word' id='word_1_41' title='bbox 1414 553 1512 594; x_wconf 79' lang='lat' dir='ltr'><strong>AJd.</strong></span> <span class='ocrx_word' id='word_1_42' title='bbox 1551 556 1600 594; x_wconf 83' lang='lat' dir='ltr'><strong>iis</strong></span> <span class='ocrx_word' id='word_1_43' title='bbox 1630 570 1662 594; x_wconf 87' lang='lat' dir='ltr'><strong>c.</strong></span> 
     </span>
     <span class='ocr_line' id='line_1_6' title="bbox 225 619 1660 673; baseline -0.002 -9"><span class='ocrx_word' id='word_1_44' title='bbox 225 623 346 664; x_wconf 79' lang='lat' dir='ltr'><strong>Tarv.</strong></span> <span class='ocrx_word' id='word_1_45' title='bbox 385 625 418 661; x_wconf 83' lang='lat' dir='ltr'><strong>is</strong></span> <span class='ocrx_word' id='word_1_46' title='bbox 449 636 482 662; x_wconf 87' lang='lat' dir='ltr'><strong>c.</strong></span> <span class='ocrx_word' id='word_1_47' title='bbox 595 635 711 673; x_wconf 81' lang='lat' dir='ltr'><em>neque</em></span> <span class='ocrx_word' id='word_1_48' title='bbox 737 636 791 658; x_wconf 83' lang='lat' dir='ltr'><strong>en.</strong></span> <span class='ocrx_word' id='word_1_49' title='bbox 849 619 916 660; x_wconf 86' lang='lat' dir='ltr'><strong>Sic</strong></span> <span class='ocrx_word' id='word_1_50' title='bbox 945 623 1066 661; x_wconf 78' lang='lat' dir='ltr'>etiam</span> <span class='ocrx_word' id='word_1_51' title='bbox 1094 621 1219 661; x_wconf 80' lang='lat' dir='ltr'><strong>Amb.</strong></span> <span class='ocrx_word' id='word_1_52' title='bbox 1251 627 1288 661; x_wconf 90' lang='lat'><strong>1.</strong></span> <span class='ocrx_word' id='word_1_53' title='bbox 1320 627 1360 662; x_wconf 83' lang='lat'><strong>2.</strong></span> <span class='ocrx_word' id='word_1_54' title='bbox 1401 620 1521 661; x_wconf 81' lang='lat' dir='ltr'><strong>Tarv.</strong></span> <span class='ocrx_word' id='word_1_55' title='bbox 1561 620 1660 661; x_wconf 84' lang='lat' dir='ltr'><strong>Ald.</strong></span> 
     </span>
     <span class='ocr_line' id='line_1_7' title="bbox 225 687 1663 741; baseline -0.003 -11"><span class='ocrx_word' id='word_1_56' title='bbox 225 690 336 731; x_wconf 83' lang='lat' dir='ltr'><strong>Sich.</strong></span> <span class='ocrx_word' id='word_1_57' title='bbox 377 687 531 739; x_wconf 88' lang='lat' dir='ltr'>Colin.‚</span> <span class='ocrx_word' id='word_1_58' title='bbox 584 696 624 727; x_wconf 85' lang='lat' dir='ltr'><strong>et</strong></span> <span class='ocrx_word' id='word_1_59' title='bbox 657 687 747 726; x_wconf 91' lang='lat' dir='ltr'><strong>edd.</strong></span> <span class='ocrx_word' id='word_1_60' title='bbox 778 702 840 741; x_wconf 73' lang='lat' dir='ltr'><strong>ap,</strong></span> <span class='ocrx_word' id='word_1_61' title='bbox 871 687 1038 738; x_wconf 59' lang='lat' dir='ltr'><strong>Burln„</strong></span> <span class='ocrx_word' id='word_1_62' title='bbox 1087 705 1162 729; x_wconf 84' lang='lat' dir='ltr'><strong>nec</strong></span> <span class='ocrx_word' id='word_1_63' title='bbox 1202 705 1294 730; x_wconf 75' lang='lat' dir='ltr'><strong>vero</strong></span> <span class='ocrx_word' id='word_1_64' title='bbox 1324 687 1422 729; x_wconf 86' lang='lat' dir='ltr'>Loc.</span> <span class='ocrx_word' id='word_1_65' title='bbox 1535 688 1663 728; x_wconf 75' lang='lat' dir='ltr'><strong><em>credi-</em></strong></span> 
     </span>
     <span class='ocr_line' id='line_1_8' title="bbox 226 753 1659 811; baseline 0 -17"><span class='ocrx_word' id='word_1_66' title='bbox 226 758 311 799; x_wconf 75' lang='lat' dir='ltr'><em>bile.</em></span> <span class='ocrx_word' id='word_1_67' title='bbox 368 753 489 799; x_wconf 81' lang='lat' dir='ltr'><strong>Amb.</strong></span> <span class='ocrx_word' id='word_1_68' title='bbox 515 759 552 797; x_wconf 87' lang='lat'><strong>1.</strong></span> <span class='ocrx_word' id='word_1_69' title='bbox 579 753 687 796; x_wconf 90' lang='lat' dir='ltr'>Flor.</span> <span class='ocrx_word' id='word_1_70' title='bbox 719 769 741 793; x_wconf 81' lang='lat' dir='ltr'>a</span> <span class='ocrx_word' id='word_1_71' title='bbox 758 771 818 808; x_wconf 87' lang='lat' dir='ltr'><strong>pr.</strong></span> <span class='ocrx_word' id='word_1_72' title='bbox 839 770 892 794; x_wconf 91' lang='lat' dir='ltr'><strong>m.</strong></span> <span class='ocrx_word' id='word_1_73' title='bbox 915 755 1151 796; x_wconf 76' lang='lat' dir='ltr'><em>incredibile.</em></span> <span class='ocrx_word' id='word_1_74' title='bbox 1236 772 1349 811; x_wconf 84' lang='lat' dir='ltr'><strong><em>prop.</em></strong></span> <span class='ocrx_word' id='word_1_75' title='bbox 1372 758 1485 795; x_wconf 84' lang='lat' dir='ltr'><em>amic.</em></span> <span class='ocrx_word' id='word_1_76' title='bbox 1525 754 1659 797; x_wconf 85' lang='lat' dir='ltr'><strong>Guelf.</strong></span> 
     </span>
     <span class='ocr_line' id='line_1_9' title="bbox 223 821 1662 878; baseline 0 -16"><span class='ocrx_word' id='word_1_77' title='bbox 223 828 340 867; x_wconf 87' lang='lat' dir='ltr'><strong>inser.</strong></span> <span class='ocrx_word' id='word_1_78' title='bbox 384 834 506 878; x_wconf 77' lang='lat' dir='ltr'><strong><em>atque.</em></strong></span> <span class='ocrx_word' id='word_1_79' title='bbox 631 822 862 863; x_wconf 75' lang='lat' dir='ltr'><em>abundante.</em></span> <span class='ocrx_word' id='word_1_80' title='bbox 932 821 1041 862; x_wconf 85' lang='lat' dir='ltr'><strong>Flor.</strong></span> <span class='ocrx_word' id='word_1_81' title='bbox 1092 823 1339 863; x_wconf 73' lang='lat' dir='ltr'><strong>abundantes,</strong></span> <span class='ocrx_word' id='word_1_82' title='bbox 1466 823 1554 863; x_wconf 78' lang='lat' dir='ltr'><em>dist.</em></span> <span class='ocrx_word' id='word_1_83' title='bbox 1595 834 1662 862; x_wconf 83' lang='lat' dir='ltr'><strong><em>est.</em></strong></span> 
     </span>
     <span class='ocr_line' id='line_1_10' title="bbox 223 887 1662 935; baseline 0 -5"><span class='ocrx_word' id='word_1_84' title='bbox 223 891 348 935; x_wconf 90' lang='lat' dir='ltr'><strong>Amb.</strong></span> <span class='ocrx_word' id='word_1_85' title='bbox 369 895 405 930; x_wconf 91' lang='lat'><strong>1.</strong></span> <span class='ocrx_word' id='word_1_86' title='bbox 437 905 515 930; x_wconf 90' lang='lat' dir='ltr'><strong>om.</strong></span> <span class='ocrx_word' id='word_1_87' title='bbox 543 900 613 930; x_wconf 75' lang='lat' dir='ltr'><strong>est.</strong></span> <span class='ocrx_word' id='word_1_88' title='bbox 716 889 767 930; x_wconf 82' lang='lat' dir='ltr'><strong>cl.</strong></span> <span class='ocrx_word' id='word_1_89' title='bbox 799 906 849 929; x_wconf 81' lang='lat' dir='ltr'><strong>an</strong></span> <span class='ocrx_word' id='word_1_90' title='bbox 876 890 978 931; x_wconf 80' lang='lat' dir='ltr'><em>obse.</em></span> <span class='ocrx_word' id='word_1_91' title='bbox 1037 887 1169 930; x_wconf 78' lang='lat' dir='ltr'><strong>Guelf.</strong></span> <span class='ocrx_word' id='word_1_92' title='bbox 1205 889 1253 930; x_wconf 84' lang='lat' dir='ltr'><strong>cl.</strong></span> <span class='ocrx_word' id='word_1_93' title='bbox 1285 901 1352 929; x_wconf 76' lang='lat' dir='ltr'><strong>aut</strong></span> <span class='ocrx_word' id='word_1_94' title='bbox 1379 891 1481 931; x_wconf 78' lang='lat' dir='ltr'><strong><em>obse.</em></strong></span> <span class='ocrx_word' id='word_1_95' title='bbox 1573 907 1662 930; x_wconf 84' lang='lat' dir='ltr'><strong>ma-</strong></span> 
     </span>
     <span class='ocr_line' id='line_1_11' title="bbox 223 955 1662 1011; baseline -0.003 -13"><span class='ocrx_word' id='word_1_96' title='bbox 223 963 334 999; x_wconf 77' lang='lat' dir='ltr'><strong><em>ritus.</em></strong></span> <span class='ocrx_word' id='word_1_97' title='bbox 391 955 514 999; x_wconf 88' lang='lat' dir='ltr'><strong>Amb.</strong></span> <span class='ocrx_word' id='word_1_98' title='bbox 537 963 578 998; x_wconf 87' lang='lat'><strong>2.</strong></span> <span class='ocrx_word' id='word_1_99' title='bbox 606 959 776 998; x_wconf 80' lang='lat' dir='ltr'><strong><em>meritus.</em></strong></span> <span class='ocrx_word' id='word_1_100' title='bbox 885 959 937 996; x_wconf 76' lang='lat' dir='ltr'><strong>sit</strong></span> <span class='ocrx_word' id='word_1_101' title='bbox 958 956 1169 1011; x_wconf 77' lang='lat' dir='ltr'><em>plurimum</em></span> <span class='ocrx_word' id='word_1_102' title='bbox 1197 956 1332 997; x_wconf 70' lang='lat' dir='ltr'><em>distat.</em></span> <span class='ocrx_word' id='word_1_103' title='bbox 1386 957 1512 999; x_wconf 80' lang='lat' dir='ltr'><strong>,Amb.</strong></span> <span class='ocrx_word' id='word_1_104' title='bbox 1536 962 1574 998; x_wconf 85' lang='grc'><strong>1.</strong></span> <span class='ocrx_word' id='word_1_105' title='bbox 1602 960 1662 998; x_wconf 80' lang='lat' dir='ltr'><strong>sic</strong></span> 
     </span>
     <span class='ocr_line' id='line_1_12' title="bbox 218 1022 1659 1082; baseline 0 -16"><span class='ocrx_word' id='word_1_106' title='bbox 218 1026 380 1082; x_wconf 83' lang='lat' dir='ltr'><em>plurimi</em></span> <span class='ocrx_word' id='word_1_107' title='bbox 409 1025 564 1065; x_wconf 77' lang='lat' dir='ltr'><strong>distant.</strong></span> <span class='ocrx_word' id='word_1_108' title='bbox 620 1023 732 1066; x_wconf 79' lang='lat' dir='ltr'><strong>Ahn.</strong></span> <span class='ocrx_word' id='word_1_109' title='bbox 762 1026 820 1064; x_wconf 84' lang='lat' dir='ltr'><strong>sic</strong></span> <span class='ocrx_word' id='word_1_110' title='bbox 847 1023 903 1079; x_wconf 87' lang='lat' dir='ltr'><strong>pl.</strong></span> <span class='ocrx_word' id='word_1_111' title='bbox 933 1023 973 1065; x_wconf 80' lang='lat' dir='ltr'><strong>d.</strong></span> <span class='ocrx_word' id='word_1_112' title='bbox 1028 1023 1165 1065; x_wconf 81' lang='lat' dir='ltr'><strong>Turio.</strong></span> <span class='ocrx_word' id='word_1_113' title='bbox 1194 1022 1304 1065; x_wconf 85' lang='lat' dir='ltr'><strong>Flor.</strong></span> <span class='ocrx_word' id='word_1_114' title='bbox 1336 1039 1358 1065; x_wconf 87' lang='lat' dir='ltr'>a</span> <span class='ocrx_word' id='word_1_115' title='bbox 1377 1041 1436 1079; x_wconf 86' lang='lat' dir='ltr'><strong>pr.</strong></span> <span class='ocrx_word' id='word_1_116' title='bbox 1459 1041 1514 1066; x_wconf 88' lang='lat' dir='ltr'><strong>m.</strong></span> <span class='ocrx_word' id='word_1_117' title='bbox 1541 1023 1659 1066; x_wconf 86' lang='lat' dir='ltr'><strong>Alm.</strong></span> 
     </span>
     <span class='ocr_line' id='line_1_13' title="bbox 219 1093 529 1149; baseline -0.006 -14"><span class='ocrx_word' id='word_1_118' title='bbox 219 1112 253 1135; x_wconf 87' lang='lat' dir='ltr'><strong>s.</strong></span> <span class='ocrx_word' id='word_1_119' title='bbox 282 1093 338 1149; x_wconf 87' lang='lat' dir='ltr'><strong>pl.</strong></span> <span class='ocrx_word' id='word_1_120' title='bbox 369 1093 529 1133; x_wconf 77' lang='lat' dir='ltr'><em>distant.</em></span> 
     </span>
    </p>

    <p class='ocr_par' dir='ltr' id='par_1_4' title="bbox 217 1157 1659 1339">
     <span class='ocr_line' id='line_1_14' title="bbox 332 1157 1572 1214; baseline -0.002 -12"><span class='ocrx_word' id='word_1_121' title='bbox 332 1162 367 1214; x_wconf 59' lang='grc' dir='ltr'><strong>ᾧ.</strong></span> <span class='ocrx_word' id='word_1_122' title='bbox 389 1166 456 1202; x_wconf 89' lang='grc'><strong>27.</strong></span> <span class='ocrx_word' id='word_1_123' title='bbox 514 1176 624 1201; x_wconf 85' lang='lat' dir='ltr'><strong><em>avar.</em></strong></span> <span class='ocrx_word' id='word_1_124' title='bbox 654 1162 749 1200; x_wconf 77' lang='lat' dir='ltr'><strong><em>irae.</em></strong></span> <span class='ocrx_word' id='word_1_125' title='bbox 807 1157 960 1201; x_wconf 73' lang='lat' dir='ltr'>Cen-ic.</span> <span class='ocrx_word' id='word_1_126' title='bbox 987 1157 1117 1199; x_wconf 81' lang='lat' dir='ltr'><strong>Colin.</strong></span> <span class='ocrx_word' id='word_1_127' title='bbox 1148 1161 1286 1200; x_wconf 79' lang='lat' dir='ltr'><strong>inserr.</strong></span> <span class='ocrx_word' id='word_1_128' title='bbox 1318 1161 1380 1198; x_wconf 76' lang='grc' dir='ltr'><strong>ἱνα</strong></span> <span class='ocrx_word' id='word_1_129' title='bbox 1401 1173 1572 1214; x_wconf 86' lang='lat' dir='ltr'>quoque.</span> 
     </span>
     <span class='ocr_line' id='line_1_15' title="bbox 219 1224 1659 1281; baseline -0.003 -12"><span class='ocrx_word' id='word_1_130' title='bbox 219 1231 280 1270; x_wconf 75' lang='lat' dir='ltr'><strong>his</strong></span> <span class='ocrx_word' id='word_1_131' title='bbox 309 1232 391 1269; x_wconf 79' lang='lat' dir='ltr'><strong><em>sim.</em></strong></span> <span class='ocrx_word' id='word_1_132' title='bbox 448 1227 557 1270; x_wconf 86' lang='lat' dir='ltr'><strong>Jens.</strong></span> <span class='ocrx_word' id='word_1_133' title='bbox 588 1237 627 1268; x_wconf 85' lang='lat' dir='ltr'><strong>et</strong></span> <span class='ocrx_word' id='word_1_134' title='bbox 657 1228 746 1268; x_wconf 78' lang='lat' dir='ltr'><strong>edd,</strong></span> <span class='ocrx_word' id='word_1_135' title='bbox 779 1235 871 1266; x_wconf 83' lang='lat' dir='ltr'><strong>ante</strong></span> <span class='ocrx_word' id='word_1_136' title='bbox 901 1224 1056 1281; x_wconf 83' lang='lat' dir='ltr'><strong>Gryph.</strong></span> <span class='ocrx_word' id='word_1_137' title='bbox 1086 1242 1171 1266; x_wconf 79' lang='lat' dir='ltr'><strong>exc.</strong></span> <span class='ocrx_word' id='word_1_138' title='bbox 1203 1225 1314 1266; x_wconf 85' lang='lat' dir='ltr'><strong>Sich.</strong></span> <span class='ocrx_word' id='word_1_139' title='bbox 1346 1229 1395 1265; x_wconf 85' lang='lat' dir='ltr'><strong>iis</strong></span> <span class='ocrx_word' id='word_1_140' title='bbox 1415 1229 1501 1266; x_wconf 82' lang='lat' dir='ltr'><strong><em>sim.</em></strong></span> <span class='ocrx_word' id='word_1_141' title='bbox 1597 1225 1659 1265; x_wconf 86' lang='lat' dir='ltr'><strong>Zu-</strong></span> 
     </span>
     <span class='ocr_line' id='line_1_16' title="bbox 217 1292 1657 1339; baseline -0.003 -2"><span class='ocrx_word' id='word_1_142' title='bbox 217 1312 315 1339; x_wconf 75' lang='lat' dir='ltr'><em>oeur.</em></span> <span class='ocrx_word' id='word_1_143' title='bbox 345 1314 408 1336; x_wconf 83' lang='lat' dir='ltr'><strong>an.</strong></span> <span class='ocrx_word' id='word_1_144' title='bbox 467 1294 588 1337; x_wconf 88' lang='lat' dir='ltr'>Amb.</span> <span class='ocrx_word' id='word_1_145' title='bbox 625 1301 662 1336; x_wconf 91' lang='lat'><strong>1.</strong></span> <span class='ocrx_word' id='word_1_146' title='bbox 702 1298 821 1334; x_wconf 85' lang='lat' dir='ltr'>inser.</span> <span class='ocrx_word' id='word_1_147' title='bbox 863 1295 926 1334; x_wconf 79' lang='lat' dir='ltr'><strong>sit.</strong></span> <span class='ocrx_word' id='word_1_148' title='bbox 1040 1294 1234 1335; x_wconf 74' lang='lat' dir='ltr'><strong><em>sordidus.</em></strong></span> <span class='ocrx_word' id='word_1_149' title='bbox 1291 1292 1425 1334; x_wconf 87' lang='lat' dir='ltr'>Guelf.</span> <span class='ocrx_word' id='word_1_150' title='bbox 1465 1292 1657 1333; x_wconf 77' lang='lat' dir='ltr'><strong><em>sordibus.</em></strong></span> 
     </span>
    </p>

    <p class='ocr_par' dir='ltr' id='par_1_5' title="bbox 217 1361 1659 1553">
     <span class='ocr_line' id='line_1_17' title="bbox 303 1361 1659 1415; baseline -0.001 -13"><span class='ocrx_word' id='word_1_151' title='bbox 303 1381 406 1404; x_wconf 83' lang='lat' dir='ltr'><strong><em>nam.</em></strong></span> <span class='ocrx_word' id='word_1_152' title='bbox 435 1374 529 1404; x_wconf 81' lang='lat' dir='ltr'><strong><em>rust.</em></strong></span> <span class='ocrx_word' id='word_1_153' title='bbox 585 1363 694 1404; x_wconf 79' lang='lat' dir='ltr'><strong>Jens.</strong></span> <span class='ocrx_word' id='word_1_154' title='bbox 727 1371 765 1402; x_wconf 84' lang='lat' dir='ltr'><strong>et</strong></span> <span class='ocrx_word' id='word_1_155' title='bbox 795 1363 901 1413; x_wconf 65' lang='lat' dir='ltr'><strong>edd„</strong></span> <span class='ocrx_word' id='word_1_156' title='bbox 934 1371 1025 1401; x_wconf 83' lang='lat' dir='ltr'><strong>aute</strong></span> <span class='ocrx_word' id='word_1_157' title='bbox 1053 1361 1181 1412; x_wconf 78' lang='lat' dir='ltr'>Sich.,</span> <span class='ocrx_word' id='word_1_158' title='bbox 1213 1377 1376 1415; x_wconf 80' lang='lat' dir='ltr'><strong><em>namque</em></strong></span> <span class='ocrx_word' id='word_1_159' title='bbox 1408 1378 1440 1401; x_wconf 87' lang='lat' dir='ltr'><strong>r.</strong></span> <span class='ocrx_word' id='word_1_160' title='bbox 1536 1377 1659 1414; x_wconf 78' lang='lat' dir='ltr'><strong><em>nego-</em></strong></span> 
     </span>
     <span class='ocr_line' id='line_1_18' title="bbox 217 1427 1655 1485; baseline -0.002 -14"><span class='ocrx_word' id='word_1_161' title='bbox 217 1434 352 1471; x_wconf 71' lang='lat' dir='ltr'><strong><em>tiator.</em></strong></span> <span class='ocrx_word' id='word_1_162' title='bbox 412 1428 545 1471; x_wconf 82' lang='lat' dir='ltr'><strong>Guelf.</strong></span> <span class='ocrx_word' id='word_1_163' title='bbox 579 1433 809 1482; x_wconf 74' lang='lat' dir='ltr'><strong><em>negotiatur.</em></strong></span> <span class='ocrx_word' id='word_1_164' title='bbox 922 1441 1035 1485; x_wconf 83' lang='lat' dir='ltr'><strong><em>atque</em></strong></span> <span class='ocrx_word' id='word_1_165' title='bbox 1063 1429 1173 1470; x_wconf 76' lang='lat' dir='ltr'><em>aliud</em></span> <span class='ocrx_word' id='word_1_166' title='bbox 1202 1429 1268 1484; x_wconf 71' lang='lat' dir='ltr'><strong>‘ff</strong></span> <span class='ocrx_word' id='word_1_167' title='bbox 1320 1427 1456 1469; x_wconf 84' lang='lat' dir='ltr'><strong>Turio.</strong></span> <span class='ocrx_word' id='word_1_168' title='bbox 1477 1443 1500 1467; x_wconf 89' lang='lat' dir='ltr'>a</span> <span class='ocrx_word' id='word_1_169' title='bbox 1518 1444 1578 1482; x_wconf 89' lang='lat' dir='ltr'><strong>pr.</strong></span> <span class='ocrx_word' id='word_1_170' title='bbox 1600 1443 1655 1468; x_wconf 87' lang='lat' dir='ltr'><strong>m.</strong></span> 
     </span>
     <span class='ocr_line' id='line_1_19' title="bbox 217 1496 992 1553; baseline -0.005 -14"><span class='ocrx_word' id='word_1_171' title='bbox 217 1513 298 1539; x_wconf 88' lang='lat' dir='ltr'><strong>om.</strong></span> <span class='ocrx_word' id='word_1_172' title='bbox 332 1496 465 1549; x_wconf 70' lang='lat' dir='ltr'><em>aliud,</em></span> <span class='ocrx_word' id='word_1_173' title='bbox 506 1511 528 1535; x_wconf 81' lang='lat' dir='ltr'>a</span> <span class='ocrx_word' id='word_1_174' title='bbox 555 1512 633 1536; x_wconf 81' lang='lat' dir='ltr'><strong>sec.</strong></span> <span class='ocrx_word' id='word_1_175' title='bbox 671 1512 725 1536; x_wconf 89' lang='lat' dir='ltr'><strong>m.</strong></span> <span class='ocrx_word' id='word_1_176' title='bbox 755 1513 871 1551; x_wconf 82' lang='lat' dir='ltr'><strong><em>aeque</em></strong></span> <span class='ocrx_word' id='word_1_177' title='bbox 896 1498 992 1553; x_wconf 85' lang='lat' dir='ltr'><em>effic.</em></span> 
     </span>
    </p>

    <p class='ocr_par' dir='ltr' id='par_1_6' title="bbox 212 1561 1656 2093">
     <span class='ocr_line' id='line_1_20' title="bbox 329 1561 1656 1617; baseline -0.005 -12"><span class='ocrx_word' id='word_1_178' title='bbox 329 1566 367 1617; x_wconf 85' lang='lat'><strong>§.</strong></span> <span class='ocrx_word' id='word_1_179' title='bbox 400 1569 467 1605; x_wconf 85' lang='lat'><strong>28.</strong></span> <span class='ocrx_word' id='word_1_180' title='bbox 526 1567 654 1603; x_wconf 77' lang='lat' dir='ltr'><strong><em>etiam.</em></strong></span> <span class='ocrx_word' id='word_1_181' title='bbox 716 1561 848 1604; x_wconf 84' lang='lat' dir='ltr'><strong>Guelf.</strong></span> <span class='ocrx_word' id='word_1_182' title='bbox 878 1562 998 1604; x_wconf 78' lang='lat' dir='ltr'><strong>Aan.</strong></span> <span class='ocrx_word' id='word_1_183' title='bbox 1022 1570 1061 1604; x_wconf 86' lang='lat'><strong>2.</strong></span> <span class='ocrx_word' id='word_1_184' title='bbox 1093 1574 1139 1603; x_wconf 80' lang='lat' dir='ltr'><strong>ct.</strong></span> <span class='ocrx_word' id='word_1_185' title='bbox 1249 1561 1344 1617; x_wconf 72' lang='lat' dir='ltr'><strong>quid</strong></span> <span class='ocrx_word' id='word_1_186' title='bbox 1373 1561 1528 1616; x_wconf 71' lang='lat' dir='ltr'><em>qfficict</em></span> <span class='ocrx_word' id='word_1_187' title='bbox 1548 1563 1656 1615; x_wconf 85' lang='lat' dir='ltr'><em>quis-</em></span> 
     </span>
     <span class='ocr_line' id='line_1_21' title="bbox 215 1628 1654 1689; baseline -0.001 -18"><span class='ocrx_word' id='word_1_188' title='bbox 215 1650 297 1689; x_wconf 83' lang='lat' dir='ltr'><em>que.</em></span> <span class='ocrx_word' id='word_1_189' title='bbox 352 1630 478 1672; x_wconf 91' lang='lat' dir='ltr'>Amb.</span> <span class='ocrx_word' id='word_1_190' title='bbox 503 1635 538 1671; x_wconf 91' lang='lat'><strong>1.</strong></span> <span class='ocrx_word' id='word_1_191' title='bbox 572 1634 657 1685; x_wconf 78' lang='lat' dir='ltr'><em>quis</em></span> <span class='ocrx_word' id='word_1_192' title='bbox 686 1632 852 1685; x_wconf 70' lang='lat' dir='ltr'><strong>qffictzts</strong></span> <span class='ocrx_word' id='word_1_193' title='bbox 884 1634 933 1670; x_wconf 81' lang='lat' dir='ltr'><strong>sit</strong></span> <span class='ocrx_word' id='word_1_194' title='bbox 968 1633 1112 1685; x_wconf 80' lang='lat' dir='ltr'><em>cuique.</em></span> <span class='ocrx_word' id='word_1_195' title='bbox 1171 1629 1306 1670; x_wconf 85' lang='lat' dir='ltr'><strong>Turio.</strong></span> <span class='ocrx_word' id='word_1_196' title='bbox 1339 1628 1446 1668; x_wconf 87' lang='lat' dir='ltr'><strong>Flor.</strong></span> <span class='ocrx_word' id='word_1_197' title='bbox 1478 1643 1500 1667; x_wconf 87' lang='lat' dir='ltr'>a</span> <span class='ocrx_word' id='word_1_198' title='bbox 1519 1644 1576 1681; x_wconf 86' lang='lat' dir='ltr'><strong>pr.</strong></span> <span class='ocrx_word' id='word_1_199' title='bbox 1597 1644 1654 1669; x_wconf 87' lang='grc'><strong>111.</strong></span> 
     </span>
     <span class='ocr_line' id='line_1_22' title="bbox 214 1694 1595 1753; baseline -0.001 -15"><span class='ocrx_word' id='word_1_200' title='bbox 214 1700 329 1743; x_wconf 80' lang='lat' dir='ltr'><strong>Alm.</strong></span> <span class='ocrx_word' id='word_1_201' title='bbox 371 1701 455 1753; x_wconf 82' lang='lat' dir='ltr'><em>quis</em></span> <span class='ocrx_word' id='word_1_202' title='bbox 492 1698 658 1753; x_wconf 71' lang='lat' dir='ltr'><strong><em>affectus</em></strong></span> <span class='ocrx_word' id='word_1_203' title='bbox 688 1700 857 1751; x_wconf 75' lang='lat' dir='ltr'><strong><em>quisquc.</em></strong></span> <span class='ocrx_word' id='word_1_204' title='bbox 974 1697 1155 1752; x_wconf 66' lang='lat' dir='ltr'><em>locuples,</em></span> <span class='ocrx_word' id='word_1_205' title='bbox 1213 1694 1345 1736; x_wconf 86' lang='lat' dir='ltr'><strong>Guelf.</strong></span> <span class='ocrx_word' id='word_1_206' title='bbox 1378 1695 1595 1750; x_wconf 78' lang='lat' dir='ltr'><em>locupletes-</em></span> 
     </span>
     <span class='ocr_line' id='line_1_23' title="bbox 216 1764 1651 1820; baseline -0.002 -13"><span class='ocrx_word' id='word_1_207' title='bbox 216 1767 356 1820; x_wconf 85' lang='lat' dir='ltr'><strong>Camp.</strong></span> <span class='ocrx_word' id='word_1_208' title='bbox 395 1765 503 1805; x_wconf 85' lang='lat' dir='ltr'><strong>Jens.</strong></span> <span class='ocrx_word' id='word_1_209' title='bbox 545 1765 743 1819; x_wconf 66' lang='lat' dir='ltr'><em>locuplex.</em></span> <span class='ocrx_word' id='word_1_210' title='bbox 802 1765 871 1803; x_wconf 76' lang='lat' dir='ltr'><em>dis.</em></span> <span class='ocrx_word' id='word_1_211' title='bbox 901 1767 994 1818; x_wconf 80' lang='lat' dir='ltr'><em>just.</em></span> <span class='ocrx_word' id='word_1_212' title='bbox 1051 1764 1175 1804; x_wconf 85' lang='lat' dir='ltr'>Amb.</span> <span class='ocrx_word' id='word_1_213' title='bbox 1208 1769 1246 1803; x_wconf 90' lang='lat'><strong>1.</strong></span> <span class='ocrx_word' id='word_1_214' title='bbox 1288 1779 1310 1802; x_wconf 87' lang='lat' dir='ltr'>a</span> <span class='ocrx_word' id='word_1_215' title='bbox 1337 1779 1413 1802; x_wconf 86' lang='lat' dir='ltr'>sec.</span> <span class='ocrx_word' id='word_1_216' title='bbox 1445 1778 1500 1802; x_wconf 85' lang='lat' dir='ltr'><strong>m.</strong></span> <span class='ocrx_word' id='word_1_217' title='bbox 1531 1766 1651 1804; x_wconf 77' lang='lat' dir='ltr'><strong>inser.</strong></span> 
     </span>
     <span class='ocr_line' id='line_1_24' title="bbox 214 1829 1650 1884; baseline -0.003 -10"><span class='ocrx_word' id='word_1_218' title='bbox 214 1834 317 1874; x_wconf 82' lang='lat' dir='ltr'><em>velit.</em></span> <span class='ocrx_word' id='word_1_219' title='bbox 433 1843 520 1873; x_wconf 78' lang='lat' dir='ltr'><strong>ante</strong></span> <span class='ocrx_word' id='word_1_220' title='bbox 549 1843 653 1872; x_wconf 80' lang='lat' dir='ltr'><strong><em>acta.</em></strong></span> <span class='ocrx_word' id='word_1_221' title='bbox 713 1830 845 1872; x_wconf 87' lang='lat' dir='ltr'><strong>Guelf.</strong></span> <span class='ocrx_word' id='word_1_222' title='bbox 880 1843 1004 1871; x_wconf 77' lang='lat' dir='ltr'><em>autem</em></span> <span class='ocrx_word' id='word_1_223' title='bbox 1033 1843 1135 1871; x_wconf 80' lang='lat' dir='ltr'><em>acta.</em></span> <span class='ocrx_word' id='word_1_224' title='bbox 1250 1832 1462 1870; x_wconf 74' lang='lat' dir='ltr'><strong><em>aestimari.</em></strong></span> <span class='ocrx_word' id='word_1_225' title='bbox 1496 1829 1650 1884; x_wconf 57' lang='lat' dir='ltr'><strong>(lamp.</strong></span> 
     </span>
     <span class='ocr_line' id='line_1_25' title="bbox 215 1897 1651 1943; baseline -0.003 -1"><span class='ocrx_word' id='word_1_226' title='bbox 215 1903 415 1943; x_wconf 67' lang='lat' dir='ltr'><strong><em>extimari.</em></strong></span> <span class='ocrx_word' id='word_1_227' title='bbox 472 1899 580 1941; x_wconf 81' lang='lat' dir='ltr'>JenS.</span> <span class='ocrx_word' id='word_1_228' title='bbox 601 1897 701 1939; x_wconf 88' lang='lat' dir='ltr'>Loc.</span> <span class='ocrx_word' id='word_1_229' title='bbox 723 1898 831 1939; x_wconf 80' lang='lat' dir='ltr'>Veu.</span> <span class='ocrx_word' id='word_1_230' title='bbox 852 1901 1091 1938; x_wconf 62' lang='lat' dir='ltr'><strong>existimari.</strong></span> <span class='ocrx_word' id='word_1_231' title='bbox 1181 1897 1488 1938; x_wconf 77' lang='lat' dir='ltr'><em>Commoiionem.</em></span> <span class='ocrx_word' id='word_1_232' title='bbox 1526 1897 1651 1938; x_wconf 87' lang='lat' dir='ltr'><strong>Amb.</strong></span> 
     </span>
     <span class='ocr_line' id='line_1_26' title="bbox 215 1964 1654 2021; baseline -0.004 -9"><span class='ocrx_word' id='word_1_233' title='bbox 215 1977 253 2012; x_wconf 89' lang='lat'><strong>1.</strong></span> <span class='ocrx_word' id='word_1_234' title='bbox 286 1970 627 2011; x_wconf 74' lang='lat' dir='ltr'><strong><em>commutationem.</em></strong></span> <span class='ocrx_word' id='word_1_235' title='bbox 724 1966 837 2007; x_wconf 82' lang='grc' dir='ltr'><strong>Ῐιαηο.</strong></span> <span class='ocrx_word' id='word_1_236' title='bbox 892 1966 1017 2007; x_wconf 86' lang='lat' dir='ltr'><strong>Amb.</strong></span> <span class='ocrx_word' id='word_1_237' title='bbox 1038 1973 1077 2008; x_wconf 85' lang='lat'><strong>2.</strong></span> <span class='ocrx_word' id='word_1_238' title='bbox 1112 1964 1271 2017; x_wconf 81' lang='lat' dir='ltr'>Guelf.‚</span> <span class='ocrx_word' id='word_1_239' title='bbox 1316 1969 1386 2021; x_wconf 75' lang='lat' dir='ltr'><strong>qui</strong></span> <span class='ocrx_word' id='word_1_240' title='bbox 1413 1976 1500 2019; x_wconf 86' lang='lat' dir='ltr'><strong>post</strong></span> <span class='ocrx_word' id='word_1_241' title='bbox 1526 1965 1654 2007; x_wconf 76' lang='lat' dir='ltr'><em>volent</em></span> 
     </span>
     <span class='ocr_line' id='line_1_27' title="bbox 212 2036 1135 2093; baseline -0.003 -15"><span class='ocrx_word' id='word_1_242' title='bbox 212 2053 284 2093; x_wconf 84' lang='lat' dir='ltr'><strong>pro</strong></span> <span class='ocrx_word' id='word_1_243' title='bbox 311 2036 460 2077; x_wconf 76' lang='lat' dir='ltr'><strong><em>volunt.</em></strong></span> <span class='ocrx_word' id='word_1_244' title='bbox 1133 2044 1135 2047; x_wconf 75' lang='grc'>’</span> 
     </span>
    </p>

    <p class='ocr_par' dir='ltr' id='par_1_7' title="bbox 184 2100 1648 2484">
     <span class='ocr_line' id='line_1_28' title="bbox 325 2100 1647 2157; baseline -0.003 -13"><span class='ocrx_word' id='word_1_245' title='bbox 325 2106 360 2157; x_wconf 82' lang='lat'><strong>§.</strong></span> <span class='ocrx_word' id='word_1_246' title='bbox 394 2110 461 2144; x_wconf 83' lang='grc'><strong>29.</strong></span> <span class='ocrx_word' id='word_1_247' title='bbox 521 2119 604 2144; x_wconf 78' lang='lat' dir='ltr'><em>acc.</em></span> <span class='ocrx_word' id='word_1_248' title='bbox 631 2118 702 2157; x_wconf 85' lang='lat' dir='ltr'><strong>per</strong></span> <span class='ocrx_word' id='word_1_249' title='bbox 729 2117 769 2140; x_wconf 84' lang='lat' dir='ltr'><strong>se</strong></span> <span class='ocrx_word' id='word_1_250' title='bbox 801 2100 873 2156; x_wconf 64' lang='lat' dir='ltr'><strong>’“f</strong></span> <span class='ocrx_word' id='word_1_251' title='bbox 935 2100 1001 2141; x_wconf 84' lang='lat' dir='ltr'><strong>Sic</strong></span> <span class='ocrx_word' id='word_1_252' title='bbox 1038 2103 1159 2141; x_wconf 81' lang='lat' dir='ltr'>etiam</span> <span class='ocrx_word' id='word_1_253' title='bbox 1197 2100 1322 2141; x_wconf 86' lang='lat' dir='ltr'><strong>Amb.</strong></span> <span class='ocrx_word' id='word_1_254' title='bbox 1354 2107 1392 2141; x_wconf 93' lang='lat'><strong>1.</strong></span> <span class='ocrx_word' id='word_1_255' title='bbox 1434 2116 1456 2140; x_wconf 89' lang='lat' dir='ltr'>a</span> <span class='ocrx_word' id='word_1_256' title='bbox 1483 2116 1539 2140; x_wconf 89' lang='lat' dir='ltr'><strong>m.</strong></span> <span class='ocrx_word' id='word_1_257' title='bbox 1570 2116 1647 2141; x_wconf 76' lang='lat' dir='ltr'><strong>sec.</strong></span> 
     </span>
     <span class='ocr_line' id='line_1_29' title="bbox 184 2167 1648 2223; baseline -0.003 -11"><span class='ocrx_word' id='word_1_258' title='bbox 184 2172 318 2215; x_wconf 81' lang='lat' dir='ltr'>·Flor.</span> <span class='ocrx_word' id='word_1_259' title='bbox 349 2171 439 2212; x_wconf 81' lang='lat' dir='ltr'><strong>Par.</strong></span> <span class='ocrx_word' id='word_1_260' title='bbox 469 2176 505 2211; x_wconf 82' lang='lat'><strong>1.</strong></span> <span class='ocrx_word' id='word_1_261' title='bbox 564 2186 649 2210; x_wconf 81' lang='lat' dir='ltr'><strong><em>acc,</em></strong></span> <span class='ocrx_word' id='word_1_262' title='bbox 678 2186 747 2223; x_wconf 81' lang='lat' dir='ltr'><strong>per</strong></span> <span class='ocrx_word' id='word_1_263' title='bbox 776 2185 815 2206; x_wconf 87' lang='lat' dir='ltr'><strong>sc</strong></span> <span class='ocrx_word' id='word_1_264' title='bbox 829 2167 916 2222; x_wconf 73' lang='lat' dir='ltr'><strong><em>fer.</em></strong></span> <span class='ocrx_word' id='word_1_265' title='bbox 947 2167 1072 2208; x_wconf 83' lang='lat' dir='ltr'>Amb.</span> <span class='ocrx_word' id='word_1_266' title='bbox 1100 2174 1135 2207; x_wconf 92' lang='lat'><strong>1.</strong></span> <span class='ocrx_word' id='word_1_267' title='bbox 1167 2183 1188 2207; x_wconf 88' lang='lat' dir='ltr'>a</span> <span class='ocrx_word' id='word_1_268' title='bbox 1207 2184 1265 2221; x_wconf 87' lang='lat' dir='ltr'><strong>pr.</strong></span> <span class='ocrx_word' id='word_1_269' title='bbox 1288 2183 1343 2207; x_wconf 91' lang='lat' dir='ltr'><strong>m.</strong></span> <span class='ocrx_word' id='word_1_270' title='bbox 1460 2167 1648 2208; x_wconf 77' lang='lat' dir='ltr'><strong><em>ducimus.</em></strong></span> 
     </span>
     <span class='ocr_line' id='line_1_30' title="bbox 209 2234 1648 2282; baseline -0.004 -1"><span class='ocrx_word' id='word_1_271' title='bbox 209 2240 319 2282; x_wconf 77' lang='lat' dir='ltr'>JenS.</span> <span class='ocrx_word' id='word_1_272' title='bbox 350 2237 449 2280; x_wconf 85' lang='lat' dir='ltr'><strong>Loc.</strong></span> <span class='ocrx_word' id='word_1_273' title='bbox 477 2237 585 2277; x_wconf 82' lang='lat' dir='ltr'><strong>Ven.</strong></span> <span class='ocrx_word' id='word_1_274' title='bbox 615 2236 717 2277; x_wconf 79' lang='lat' dir='ltr'><strong>Bad.</strong></span> <span class='ocrx_word' id='word_1_275' title='bbox 747 2235 922 2275; x_wconf 78' lang='lat' dir='ltr'><em>dicimus.</em></span> <span class='ocrx_word' id='word_1_276' title='bbox 1032 2246 1148 2274; x_wconf 73' lang='lat' dir='ltr'><em>tract.</em></span> <span class='ocrx_word' id='word_1_277' title='bbox 1183 2252 1258 2275; x_wconf 77' lang='lat' dir='ltr'><strong>am.</strong></span> <span class='ocrx_word' id='word_1_278' title='bbox 1289 2252 1339 2274; x_wconf 85' lang='lat' dir='ltr'><strong>an</strong></span> <span class='ocrx_word' id='word_1_279' title='bbox 1372 2237 1478 2274; x_wconf 85' lang='lat' dir='ltr'><em>inim.</em></span> <span class='ocrx_word' id='word_1_280' title='bbox 1522 2234 1648 2276; x_wconf 85' lang='lat' dir='ltr'><strong>Amb.</strong></span> 
     </span>
     <span class='ocr_line' id='line_1_31' title="bbox 213 2301 1647 2358; baseline -0.002 -12"><span class='ocrx_word' id='word_1_281' title='bbox 213 2313 252 2348; x_wconf 90' lang='lat'><strong>1.</strong></span> <span class='ocrx_word' id='word_1_282' title='bbox 290 2318 340 2349; x_wconf 78' lang='lat' dir='ltr'><strong>ir.</strong></span> <span class='ocrx_word' id='word_1_283' title='bbox 371 2308 522 2346; x_wconf 82' lang='lat' dir='ltr'><em>animus</em></span> <span class='ocrx_word' id='word_1_284' title='bbox 551 2304 647 2358; x_wconf 88' lang='lat' dir='ltr'>(sed</span> <span class='ocrx_word' id='word_1_285' title='bbox 676 2319 698 2343; x_wconf 89' lang='lat' dir='ltr'>a</span> <span class='ocrx_word' id='word_1_286' title='bbox 718 2319 792 2342; x_wconf 84' lang='lat' dir='ltr'><strong>sec.</strong></span> <span class='ocrx_word' id='word_1_287' title='bbox 819 2318 872 2341; x_wconf 90' lang='lat' dir='ltr'><strong>m.</strong></span> <span class='ocrx_word' id='word_1_288' title='bbox 892 2318 1010 2356; x_wconf 88' lang='lat' dir='ltr'>super</span> <span class='ocrx_word' id='word_1_289' title='bbox 1033 2301 1224 2356; x_wconf 78' lang='lat' dir='ltr'>lituram)</span> <span class='ocrx_word' id='word_1_290' title='bbox 1259 2304 1376 2342; x_wconf 80' lang='lat' dir='ltr'><em>amici</em></span> <span class='ocrx_word' id='word_1_291' title='bbox 1411 2318 1504 2343; x_wconf 84' lang='lat' dir='ltr'><strong>cum</strong></span> <span class='ocrx_word' id='word_1_292' title='bbox 1538 2302 1647 2343; x_wconf 88' lang='lat' dir='ltr'><strong>Flor.</strong></span> 
     </span>
     <span class='ocr_line' id='line_1_32' title="bbox 210 2369 1646 2428; baseline -0.004 -12"><span class='ocrx_word' id='word_1_293' title='bbox 210 2390 233 2416; x_wconf 81' lang='lat' dir='ltr'>a</span> <span class='ocrx_word' id='word_1_294' title='bbox 264 2391 323 2428; x_wconf 86' lang='lat' dir='ltr'><strong>pr.</strong></span> <span class='ocrx_word' id='word_1_295' title='bbox 350 2389 432 2424; x_wconf 91' lang='lat' dir='ltr'><strong>m.,</strong></span> <span class='ocrx_word' id='word_1_296' title='bbox 485 2375 556 2427; x_wconf 90' lang='lat' dir='ltr'><strong>qui</strong></span> <span class='ocrx_word' id='word_1_297' title='bbox 596 2387 619 2411; x_wconf 88' lang='lat' dir='ltr'>a</span> <span class='ocrx_word' id='word_1_298' title='bbox 647 2387 724 2411; x_wconf 86' lang='lat' dir='ltr'><strong>sec.</strong></span> <span class='ocrx_word' id='word_1_299' title='bbox 757 2385 812 2410; x_wconf 88' lang='lat' dir='ltr'><strong>m.</strong></span> <span class='ocrx_word' id='word_1_300' title='bbox 844 2381 871 2409; x_wconf 81' lang='lat' dir='ltr'><strong>t.</strong></span> <span class='ocrx_word' id='word_1_301' title='bbox 905 2387 956 2409; x_wconf 86' lang='lat' dir='ltr'><strong>an</strong></span> <span class='ocrx_word' id='word_1_302' title='bbox 985 2387 1061 2411; x_wconf 81' lang='lat' dir='ltr'><strong>am.</strong></span> <span class='ocrx_word' id='word_1_303' title='bbox 1093 2372 1200 2410; x_wconf 85' lang='lat' dir='ltr'><em>inim.</em></span> <span class='ocrx_word' id='word_1_304' title='bbox 1257 2369 1381 2410; x_wconf 87' lang='lat' dir='ltr'><strong>Amb.</strong></span> <span class='ocrx_word' id='word_1_305' title='bbox 1413 2376 1453 2411; x_wconf 89' lang='lat'><strong>2.</strong></span> <span class='ocrx_word' id='word_1_306' title='bbox 1483 2369 1573 2410; x_wconf 83' lang='lat' dir='ltr'>Par.</span> <span class='ocrx_word' id='word_1_307' title='bbox 1607 2375 1646 2410; x_wconf 89' lang='lat'><strong>1.</strong></span> 
     </span>
     <span class='ocr_line' id='line_1_33' title="bbox 210 2437 1538 2484; baseline -0.008 0"><span class='ocrx_word' id='word_1_308' title='bbox 210 2449 250 2484; x_wconf 83' lang='lat'><strong>2.</strong></span> <span class='ocrx_word' id='word_1_309' title='bbox 281 2448 320 2483; x_wconf 78' lang='lat'><strong>3,</strong></span> <span class='ocrx_word' id='word_1_310' title='bbox 351 2444 469 2481; x_wconf 84' lang='lat' dir='ltr'><strong>etiam</strong></span> <span class='ocrx_word' id='word_1_311' title='bbox 504 2450 531 2479; x_wconf 80' lang='lat' dir='ltr'><strong>i.</strong></span> <span class='ocrx_word' id='word_1_312' title='bbox 561 2456 638 2479; x_wconf 78' lang='lat' dir='ltr'><strong>am.</strong></span> <span class='ocrx_word' id='word_1_313' title='bbox 668 2440 773 2477; x_wconf 82' lang='lat' dir='ltr'><em>inim.</em></span> <span class='ocrx_word' id='word_1_314' title='bbox 1536 2437 1538 2439; x_wconf 75' lang='grc'><strong>’</strong></span> 
     </span>
    </p>

    <p class='ocr_par' dir='ltr' id='par_1_8' title="bbox 208 2503 1647 2762">
     <span class='ocr_line' id='line_1_34' title="bbox 320 2503 1646 2562; baseline -0.005 -12"><span class='ocrx_word' id='word_1_315' title='bbox 320 2511 356 2562; x_wconf 86' lang='lat'><strong>§.</strong></span> <span class='ocrx_word' id='word_1_316' title='bbox 389 2514 455 2550; x_wconf 88' lang='grc'><strong>30.</strong></span> <span class='ocrx_word' id='word_1_317' title='bbox 516 2510 551 2546; x_wconf 80' lang='grc' dir='ltr'><strong>εἰ</strong></span> <span class='ocrx_word' id='word_1_318' title='bbox 580 2506 768 2546; x_wconf 79' lang='lat' dir='ltr'><strong><em>accidere.</em></strong></span> <span class='ocrx_word' id='word_1_319' title='bbox 827 2503 950 2544; x_wconf 85' lang='lat' dir='ltr'><strong>Amb.</strong></span> <span class='ocrx_word' id='word_1_320' title='bbox 987 2510 1023 2545; x_wconf 89' lang='lat'><strong>1.</strong></span> <span class='ocrx_word' id='word_1_321' title='bbox 1056 2504 1191 2545; x_wconf 75' lang='lat' dir='ltr'>Turio.</span> <span class='ocrx_word' id='word_1_322' title='bbox 1219 2503 1331 2544; x_wconf 85' lang='lat' dir='ltr'><strong>Alm.</strong></span> <span class='ocrx_word' id='word_1_323' title='bbox 1362 2503 1498 2558; x_wconf 87' lang='lat' dir='ltr'><strong>Camp.</strong></span> <span class='ocrx_word' id='word_1_324' title='bbox 1524 2506 1646 2543; x_wconf 83' lang='lat' dir='ltr'><strong>omit-</strong></span> 
     </span>
     <span class='ocr_line' id='line_1_35' title="bbox 208 2571 1647 2625; baseline -0.005 -8"><span class='ocrx_word' id='word_1_325' title='bbox 208 2585 300 2617; x_wconf 82' lang='lat' dir='ltr'>tunt</span> <span class='ocrx_word' id='word_1_326' title='bbox 340 2579 386 2616; x_wconf 81' lang='lat' dir='ltr'><strong>ei.</strong></span> <span class='ocrx_word' id='word_1_327' title='bbox 448 2574 552 2615; x_wconf 84' lang='lat' dir='ltr'>Flor.</span> <span class='ocrx_word' id='word_1_328' title='bbox 594 2573 730 2615; x_wconf 80' lang='lat' dir='ltr'><strong>Guelf.</strong></span> <span class='ocrx_word' id='word_1_329' title='bbox 771 2571 892 2612; x_wconf 75' lang='lat' dir='ltr'><strong>Goth.</strong></span> <span class='ocrx_word' id='word_1_330' title='bbox 932 2589 1017 2613; x_wconf 84' lang='lat' dir='ltr'><strong><em>ace.</em></strong></span> <span class='ocrx_word' id='word_1_331' title='bbox 1055 2576 1101 2612; x_wconf 73' lang='lat' dir='ltr'><strong>ei.</strong></span> <span class='ocrx_word' id='word_1_332' title='bbox 1160 2571 1268 2613; x_wconf 88' lang='lat' dir='ltr'><strong>Jens.</strong></span> <span class='ocrx_word' id='word_1_333' title='bbox 1309 2583 1342 2611; x_wconf 79' lang='lat' dir='ltr'><strong>et</strong></span> <span class='ocrx_word' id='word_1_334' title='bbox 1379 2589 1489 2620; x_wconf 61' lang='lat' dir='ltr'><strong>acc„</strong></span> <span class='ocrx_word' id='word_1_335' title='bbox 1537 2571 1647 2625; x_wconf 79' lang='lat' dir='ltr'>quod.</span> 
     </span>
     <span class='ocr_line' id='line_1_36' title="bbox 209 2637 1645 2693; baseline -0.003 -12"><span class='ocrx_word' id='word_1_336' title='bbox 209 2647 329 2684; x_wconf 77' lang='lat' dir='ltr'>etiam</span> <span class='ocrx_word' id='word_1_337' title='bbox 360 2643 502 2683; x_wconf 85' lang='lat' dir='ltr'><strong>Frauc.</strong></span> <span class='ocrx_word' id='word_1_338' title='bbox 533 2658 633 2683; x_wconf 86' lang='lat' dir='ltr'><strong>corr.</strong></span> <span class='ocrx_word' id='word_1_339' title='bbox 748 2639 880 2678; x_wconf 68' lang='lat' dir='ltr'><strong><em>clatum</em></strong></span> <span class='ocrx_word' id='word_1_340' title='bbox 910 2651 976 2679; x_wconf 65' lang='lat' dir='ltr'><strong>esff.</strong></span> <span class='ocrx_word' id='word_1_341' title='bbox 1037 2640 1176 2693; x_wconf 84' lang='lat' dir='ltr'><strong>Camp.</strong></span> <span class='ocrx_word' id='word_1_342' title='bbox 1210 2639 1359 2679; x_wconf 65' lang='lat' dir='ltr'><em>dictum</em></span> <span class='ocrx_word' id='word_1_343' title='bbox 1386 2650 1454 2679; x_wconf 80' lang='lat' dir='ltr'><strong><em>cst.</em></strong></span> <span class='ocrx_word' id='word_1_344' title='bbox 1552 2637 1645 2677; x_wconf 85' lang='lat' dir='ltr'><em>Ple-</em></span> 
     </span>
     <span class='ocr_line' id='line_1_37' title="bbox 208 2704 1644 2762; baseline -0.003 -13"><span class='ocrx_word' id='word_1_345' title='bbox 208 2726 291 2751; x_wconf 83' lang='lat' dir='ltr'><strong><em>nus.</em></strong></span> <span class='ocrx_word' id='word_1_346' title='bbox 348 2710 471 2751; x_wconf 88' lang='lat' dir='ltr'><strong>Amb.</strong></span> <span class='ocrx_word' id='word_1_347' title='bbox 498 2714 533 2749; x_wconf 90' lang='lat'><strong>1.</strong></span> <span class='ocrx_word' id='word_1_348' title='bbox 558 2715 598 2751; x_wconf 88' lang='lat'><strong>2.</strong></span> <span class='ocrx_word' id='word_1_349' title='bbox 639 2708 745 2750; x_wconf 88' lang='lat' dir='ltr'>Flor.</span> <span class='ocrx_word' id='word_1_350' title='bbox 775 2706 866 2748; x_wconf 85' lang='lat' dir='ltr'><strong>Par.</strong></span> <span class='ocrx_word' id='word_1_351' title='bbox 896 2712 933 2747; x_wconf 90' lang='lat'><strong>1.</strong></span> <span class='ocrx_word' id='word_1_352' title='bbox 961 2713 1000 2748; x_wconf 86' lang='grc'><strong>2.</strong></span> <span class='ocrx_word' id='word_1_353' title='bbox 1025 2712 1062 2748; x_wconf 86' lang='grc'><strong>3.</strong></span> <span class='ocrx_word' id='word_1_354' title='bbox 1095 2711 1215 2748; x_wconf 82' lang='lat' dir='ltr'>etiam</span> <span class='ocrx_word' id='word_1_355' title='bbox 1241 2706 1389 2762; x_wconf 55' lang='lat' dir='ltr'><em>plenu&amp;</em></span> <span class='ocrx_word' id='word_1_356' title='bbox 1458 2704 1644 2760; x_wconf 83' lang='lat' dir='ltr'>[Nomen</span> 
     </span>
    </p>
   </div>
   <div class='ocr_carea' id='block_1_3' title="bbox 1767 1522 1775 1748">
    <p class='ocr_par' dir='ltr' id='par_1_9' title="bbox 1767 1522 1775 1748">
     <span class='ocr_line' id='line_1_38' title="bbox 1767 1522 1775 1748; textangle 90"><span class='ocrx_word' id='word_1_357' title='bbox 1767 1600 1775 1748; x_wconf 38' lang='grc' dir='ltr'><strong>ε--ᾼ</strong></span> <span class='ocrx_word' id='word_1_358' title='bbox 1770 1587 1772 1595; x_wconf 46' lang='lat' dir='ltr'>v</span> <span class='ocrx_word' id='word_1_359' title='bbox 1770 1522 1774 1581; x_wconf 41' lang='grc' dir='ltr'><strong>ὴ.-</strong></span> 
     </span>
    </p>
   </div>
   <div class='ocr_carea' id='block_1_4' title="bbox 1761 2032 1767 2108">
    <p class='ocr_par' dir='ltr' id='par_1_10' title="bbox 1761 2032 1767 2108">
     <span class='ocr_line' id='line_1_39' title="bbox 1761 2032 1767 2108; baseline 0 0"><span class='ocrx_word' id='word_1_360' title='bbox 1761 2032 1767 2108; x_wconf 70' lang='grc' dir='ltr'><em>Ξ</em></span> 
     </span>
    </p>
   </div>
   <div class='ocr_carea' id='block_1_5' title="bbox 1758 2257 1762 2291">
    <p class='ocr_par' dir='ltr' id='par_1_11' title="bbox 1758 2257 1762 2291">
     <span class='ocr_line' id='line_1_40' title="bbox 1758 2257 1762 2291; baseline 0 0"><span class='ocrx_word' id='word_1_361' title='bbox 1758 2257 1762 2291; x_wconf 67' lang='grc' dir='ltr'><strong>Ρ</strong></span> 
     </span>
    </p>
   </div>
   <div class='ocr_carea' id='block_1_6' title="bbox 1747 2755 1764 3091">
    <p class='ocr_par' dir='ltr' id='par_1_12' title="bbox 1734 2295 1764 3091">
     <span class='ocr_line' id='line_1_41' title="bbox 1747 2755 1764 3091; baseline 0 0"><span class='ocrx_word' id='word_1_362' title='bbox 1747 2755 1764 3091; x_wconf 73' lang='grc'>,</span> 
     </span>
    </p>
   </div>
  </div>
 </body>
</html>
