1775 3091
178 212 232 251 44
610 210 884 266 Supplemenia
928 210 1190 251 annotationis

176 325 409 376 legebatm·;
464 324 522 362 ita
568 325 659 363 fort.
707 320 834 363 Amb.
869 328 910 363 2.
959 322 1065 363 Flor.
1132 323 1365 361 terminatur
1409 319 1537 364 Amb.
1578 328 1616 364 1.

179 392 485 444 [Ter-minentur
521 406 573 430 an
610 392 865 429 terminantur
890 393 1046 444 legatur
1072 389 1239 443 perinde
1268 399 1348 442 est,
1398 405 1493 431 cum
1527 400 1620 430 ver-

176 461 276 499 bum
303 460 476 512 pendeat
505 474 528 499 a
557 460 837 508 conjunctione
867 460 1066 513 quamvis,
1104 458 1175 497 sed
1201 467 1442 498 structuram
1471 460 1620 498 oratio-

175 529 237 567 nis
265 542 349 566 non
380 530 494 567 aliter
523 525 731 578 expedies,
759 528 837 567 nis-i
865 529 1021 566 nomina
1050 527 1226 580 quamvis
1243 525 1445 581 feminina
1462 528 1620 565 inverso

178 596 318 635 ordine
357 609 429 647 pro
466 595 642 648 quamvis
680 595 836 632 nomina
862 595 1059 646 feminina
1086 617 1144 624 —
1183 596 1432 633 terminentur
1469 594 1623 633 dictmn

177 677 347 702 censeas.
362 661 381 714 ]
498 660 628 700 eadem
652 662 707 698 ris
725 659 814 714 syZl.
845 663 965 700 etiam
986 659 1251 700 Turic.F10r.
1275 659 1403 704 Amb.
1427 668 1467 703 2.
1501 659 1618 715 (fort.

176 729 306 772 Amb.
331 729 394 780 1.)
427 728 566 781 Camp.
597 726 704 767 Jens.
736 737 775 767 et
805 743 943 768 omnes
973 728 1061 768 edd.
1095 738 1186 768 ante
1215 728 1356 771 Bul-m.
1369 745 1484 785 qu1
1500 743 1620 768 mser

176 800 230 838 in.
346 797 473 836 dicere
501 798 623 835 etiam
651 793 756 835 Flor.
789 794 957 849 Campa
947 827 958 849 ,
1012 795 1093 836 dici
1121 806 1255 837 tuetur
1282 797 1411 839 Amb.
1435 803 1473 838 1.
1517 797 1623 849 cogit

175 869 297 906 e'dam
327 865 433 905 Flor.

288 937 322 986 ξ.
357 937 422 973 15.
486 929 590 983 Quid
627 945 742 982 vero,
790 930 895 985 quod
933 929 1035 972 Obr.
1077 930 1177 973 Tur.
1217 947 1241 972 a
1275 948 1330 974 m.
1368 948 1445 972 sec.
1487 928 1622 985 (prius

177 1010 261 1041 erat
290 999 399 1055 qui).
516 1008 673 1038 exeunt.
733 1010 820 1038 eunt
859 997 997 1039 Turio.
1040 998 1146 1040 Flor.
1179 998 1298 1040 Bodl.
1329 999 1443 1040 Alm.
1473 997 1621 1038 Joann.

175 1070 293 1111 Voss.
325 1075 362 1156 3.
403 1067 543 1120 Camp.
587 1066 687 1108 Obr‚
729 1069 902 1107 verisim.
944 1066 1072 1108 Amb.
1097 1072 1134 1107 1.
1193 1067 1306 1107 Alba
1322 1067 1464 1125 faciat
1494 1067 1621 1105 omitt.

175 1137 301 1179 Amb.
362 1138 483 1189 (ut
520 1134 638 1174 Voss.
670 1140 708 1174 3.
721 1165 732 1184 ,
780 1137 852 1188 qui
891 1135 1069 1184 ejusdem
1097 1137 1179 1173 fere
1206 1138 1360 1188 generis
1390 1138 1492 1174 liber
1521 1130 1622 1184 est).

261 1204 418 1260 quidem
456 1205 584 1241 omitt.
624 1200 751 1241 Aan.
780 1207 820 1242 2.
863 1199 996 1241 Guelf.
1116 1201 1235 1241 litera
1272 1219 1320 1254 0,·
1370 1205 1426 1242 sic
1455 1200 1596 1241 Burm.
1609 1229 1622 1248 ,

175 1275 282 1315 nihil
310 1275 462 1311 monito
491 1273 662 1320 lectore,
705 1267 823 1309 Gesn.
857 1267 996 1322 Spald.
1057 1267 1159 1309 Cett-
1196 1271 1285 1308 edd.
1317 1284 1454 1309 omnes
1486 1285 1507 1308 ο
1539 1267 1623 1316 lit„

175 1345 302 1394 magis
334 1355 386 1379 ex
414 1353 489 1377 usu
517 1335 787 1387 Quintiliani3
834 1345 873 1374 et
902 1339 957 1375 ila
988 1335 1123 1375 Turio.
1159 1335 1266 1377 Flor.
1301 1336 1440 1389 Camp.
1530 1351 1626 1375 con-

164 1413 333 1467 fiteatur
367 1405 467 1447 Obr.
511 1405 626 1457 (fort.
657 1401 940 1458 ex.Argent.)
982 1402 1118 1442 Turio.
1157 1403 1266 1443 Flor.
1306 1406 1396 1444 fort.
1426 1403 1551 1443 Amb.
1584 1408 1622 1444 1.

177 1479 407 1532 confitentur
439 1488 490 1512 ex
519 1471 635 1511 AJm.
668 1473 788 1509 refert
816 1469 980 1521 Burm.,
1030 1487 1151 1525 quem
1180 1474 1262 1510 fere
1293 1473 1531 1511 conferentis
1558 1473 1626 1511 vel

176 1543 417 1599 typographi
455 1554 628 1579 errorem
664 1540 914 1591 putaveriln3
966 1541 1086 1578 nimis
1117 1542 1226 1578 enim
1255 1541 1356 1579 solet
1383 1538 1499 1579 Ahn.
1531 1553 1625 1580 cum

178 1616 277 1653 Tur.
310 1621 349 1650 et
376 1609 483 1649 Flor.
516 1608 751 1658 conspirare.

289 1684 325 1732 §.
361 1681 425 1717 16.
485 1674 649 1712 dimissa
680 1672 788 1712 Jens.
820 1671 940 1713 Tarv.
961 1671 1068 1712 Ven.
1088 1672 1190 1714 Ald.
1214 1673 1340 1726 Obr.,
1372 1690 1466 1714 cum
1484 1672 1623 1714 Turio.

177 1749 282 1789 Flor.
319 1745 438 1785 Voss.
476 1747 514 1782 1.
552 1746 615 1792 3.3
666 1739 833 1778 demissa
869 1750 976 1780 recte
1012 1740 1138 1781 Amb.
1174 1748 1212 1781 1.
1330 1758 1481 1796 quoque
1508 1741 1625 1781 modo

177 1820 299 1856 etiam
320 1812 455 1852 Turio.
477 1809 600 1849 Paris.
624 1812 662 1847 1.
683 1813 723 1847 2.
747 1812 785 1846 3.
807 1810 945 1861 Camp.
1006 1825 1158 1862 quoquo
1177 1809 1293 1848 modo
1322 1808 1457 1861 Flor.;
1499 1805 1623 1848 Aan.

179 1890 216 1923 1.
253 1892 392 1922 tamen
423 1875 518 1932 quitl
545 1891 620 1930 quo
644 1874 784 1925 modo,
824 1885 869 1914 ut
899 1876 1057 1914 emend.
1089 1874 1251 1928 Regius.
1313 1874 1460 1929 [Adde
1483 1874 1622 1928 Spald.

176 1960 295 1991 notae
318 1951 475 1988 criticae
498 1959 602 1999 quae
626 1946 710 1995 ipse
735 1946 892 1982 monuit
912 1946 954 1981 'm
976 1945 1100 1995 praef.
1121 1942 1219 1983 Vol.
1241 1941 1260 1981 I
1280 1958 1369 1996 pag.
1390 1940 1624 1994 LXXVI]

293 2018 325 2070 ᾗ.
366 2019 431 2054 17.
491 2014 568 2067 fiet
607 2013 728 2049 etiam
779 2009 916 2049 Turio.
965 2007 1089 2049 2&an-
1127 2014 1163 2049 1.
1194 2016 1233 2050 2.
1284 2009 1423 2063 Camp.
1472 2008 1622 2050 Almel.

175 2085 294 2126 Voss.
328 2088 366 2122 1.
396 2086 434 2120 3.

289 2155 326 2203 ξ.
361 2153 426 2188 18.
487 2162 635 2201 quoque
660 2147 778 2184 inser.
810 2145 931 2182 etiam
960 2142 1097 2182 Turio.
1127 2141 1249 2182 Amb.
1283 2148 1320 2183 1.
1358 2142 1480 2183 Paris.
1513 2150 1550 2185 1.
1581 2151 1621 2185 2.

180 2224 220 2262 5.
241 2224 280 2259 6.
313 2216 454 2268 Camp.
487 2224 525 2254 et
555 2214 644 2253 edd.
673 2220 765 2252 aute
795 2209 908 2250 Sich.
1023 2210 1088 2250 M.
1114 2209 1270 2249 Tullius
1298 2208 1418 2250 Amb.
1442 2216 1504 2264 1.3
1537 2227 1619 2252 acc.

178 2286 300 2328 Amb.
325 2291 391 2326 2.:
432 2298 542 2337 quem
571 2281 717 2320 tullius.

294 2355 326 2407 ξ.
359 2356 425 2391 19.
484 2348 538 2388 acl
570 2365 611 2402 g,
658 2347 768 2387 Caes.
804 2343 928 2385 Amb.
964 2350 999 2384 1.
1116 2345 1349 2384 emendatius
1380 2345 1551 2384 calidum
1581 2346 1621 2386 cl.

181 2440 221 2477 q.
265 2438 300 2461 c.
334 2417 483 2459 mavult
520 2416 657 2456 Tul-ic.
697 2414 805 2454 Flor.
843 2411 964 2452 Bodl.
1011 2410 1164 2453 Ahnel.
1209 2412 1348 2466 Camp.
1396 2412 1496 2453 Obr.
1538 2414 1623 2465 (ex

180 2488 418 2541 Argent01·„
457 2484 624 2538 opinor)
667 2484 840 2524 vel-isim.
876 2478 999 2520 Amb.
1038 2485 1075 2519 1.
1146 2480 1310 2534 [Habes
1347 2484 1468 2534 igitur
1508 2481 1549 2521 h.
1590 2484 1619 2520 l.

180 2564 379 2596 vetustam
408 2553 732 2592 emendationem
759 2557 798 2587 et
827 2547 1038 2586 discrimen
1072 2551 1278 2602 utriusque
1307 2552 1419 2602 quasi
1446 2550 1622 2586 familiae

183 2623 379 2662 codicum.
439 2619 564 2670 Quod
591 2634 700 2657 nuuc
728 2615 892 2671 quidem
914 2610 963 2652 *in
997 2623 1111 2654 textu
1129 2618 1275 2667 legitur
1296 2631 1347 2656 ex
1363 2614 1619 2665 Jensoniana,

185 2692 331 2744 reliqui
351 2690 432 2727 fere
453 2701 591 2727 omnes
611 2686 780 2726 editores
801 2683 1092 2736 probaverunt,
1122 2684 1190 2722 sed
1208 2692 1295 2723 tuto
1316 2684 1436 2723 etiam
1456 2683 1621 2722 alteram
