1775 3091
283 952 528 997 EPIST.
581 953 681 996 AD
730 930 1282 1020 TRYPHONEMJ

47 1098 108 1166 In
133 1130 248 1167 titulo
280 1128 512 1182 bibliopolae
542 1130 651 1169 abest
681 1132 800 1168 etiam
822 1145 842 1168 a
859 1128 964 1168 Flor.
986 1126 1110 1166 Amb.
1135 1134 1172 1168 1.
1205 1138 1244 1167 et
1267 1130 1328 1168 ed.
1349 1128 1480 1167 Vidn„

46 1198 146 1234 vaei.
265 1196 470 1250 Tryphoni
508 1212 575 1235 suo
607 1196 768 1235 salutem
799 1194 917 1236 Goth.
945 1194 1070 1234 Amb.
1104 1201 1139 1235 1.
1255 1195 1318 1234 M.
1355 1194 1481 1234 Cellas

47 1262 191 1301 Fabius
222 1261 340 1302 Tarv.
372 1262 480 1302 Ven.
570 1263 704 1304 Turio.
739 1268 841 1303 sicut
871 1266 963 1302 edjt.
989 1262 1152 1302 Jenson.
1185 1272 1224 1301 6ῒ
1243 1264 1329 1301 cod.
1355 1261 1482 1302 Guel-

46 1332 189 1383 ferbyt.
230 1328 347 1384 (vide
376 1332 659 1382 praefationem
700 1336 818 1384 primi
847 1331 942 1371 Vol.
974 1346 1014 1383 p.
1046 1328 1242 1383 LXXII)
1281 1333 1481 1368 inscribit:

51 1397 310 1448 Quintilianus
342 1396 524 1437 Victor-io
566 1399 705 1452 (supra
743 1415 765 1438 a
785 1415 856 1438 rm.
886 1407 1032 1437 recent.
1066 1397 1264 1449 Marco),
1296 1398 1399 1447 sed,
1441 1405 1486 1434 nt

49 1465 227 1516 videtur,
268 1467 315 1503 ab
345 1467 422 1504 alia
451 1481 586 1506 mauu.
650 1465 788 1520 Camp.
825 1470 1080 1519 inscriptione
1113 1475 1229 1503 caret.
1381 1509 1383 1512 .

162 1534 193 1585 ξ.
229 1536 265 1570 1.
324 1532 489 1571 nondum
520 1535 708 1587 opinabar·
734 1538 829 1572 satis
860 1535 947 1573 edd.
981 1549 1116 1572 omnes
1148 1543 1239 1572 ante
1270 1530 1389 1572 Gesn.
1451 1529 1485 1568 E

54 1601 168 1641 codd.
199 1604 334 1639 nullus
363 1609 547 1651 notatur,
589 1605 658 1655 qui
688 1600 977 1641 Gesnerianum
1005 1604 1101 1639 satis
1130 1600 1320 1654 opinabar·
1349 1599 1485 1637 defen-

0 1655 8 1659 *
52 1669 142 1719 dat,
177 1671 254 1707 nisi
281 1669 381 1707 forte
413 1666 534 1707 Goth.
567 1678 606 1708 et
636 1666 791 1720 Guelf.‚
832 1684 928 1723 quos
958 1678 1062 1708 tacet
1087 1667 1224 1720 Spald.
1257 1669 1428 1705 collatio.

51 1738 308 1775 maturavisse
335 1733 438 1774 Edd.
467 1734 574 1774 Jens.
607 1735 706 1788 (tac.
749 1734 896 1789 Gesn.)
928 1735 1046 1775 Tar-v.
1081 1733 1179 1773 Ald.
1219 1732 1329 1773 Sich.
1353 1732 1484 1771 Andr.

54 1812 92 1842 et
124 1802 248 1842 Codd.
279 1817 368 1841 mss.
400 1800 518 1840 Bodl.
550 1801 681 1842 Poull.
712 1802 864 1842 Almel.
903 1801 1012 1841 Flor.
1039 1800 1173 1839 Tul-ic.
1198 1798 1330 1838 Guelf.
1358 1810 1488 1837 matu-

55 1872 175 1908 ruisse
201 1872 377 1923 reliquae
407 1870 523 1919 edd.,
554 1870 640 1908 cod.
664 1867 811 1919 Goth„
845 1878 883 1907 et
904 1867 1009 1906 Flor.
1038 1870 1081 1905 in
1108 1880 1233 1918 marg.
1349 1876 1390 1904 ut
1411 1868 1489 1904 scis

56 1937 144 1975 edd.
186 1945 275 1975 ante
315 1934 434 1976 Gesn.
475 1951 634 1986 omnes,
688 1939 807 1975 etiam
838 1933 959 1975 Goth.
1018 1933 1057 1972 E³
1083 1936 1218 1972 ceteris
1250 1934 1364 1972 codd.
1396 1948 1489 1971 cum

54 2003 160 2041 nihil
188 2011 371 2042 notatum
399 2008 472 2055 sit,
513 2006 668 2043 videtur
702 2006 747 2041 in
773 2006 821 2041 iis
851 2004 1061 2040 inventum
1091 2014 1172 2038 esse
1203 2010 1265 2047 ut,
1305 2015 1388 2039 11011
1418 2002 1487 2039 uti.

113 2069 286 2123 alioquin
319 2070 427 2110 Jens.
459 2077 562 2118 (tac.
596 2069 745 2119 Gesn.)
785 2068 906 2109 Tarv.
937 2068 1045 2108 Ven.
1076 2066 1210 2106 Turic.
1242 2067 1293 2117 (a
1321 2083 1374 2105 m.
1404 2066 1490 2120 pr.)

56 2138 162 2178 Flor.
194 2135 319 2176 Amb.
350 2143 387 2177 1.
405 2169 415 2188 ,
447 2140 516 2192 qui
545 2138 710 2192 quidem
733 2152 887 2189 semper
908 2139 963 2175 ita
985 2139 1172 2176 scribunt.
1231 2134 1396 2173 aliorum
1420 2148 1490 2186 pro

55 2205 206 2258 alioqui
246 2202 384 2257 Camp.
424 2204 556 2245 Andr.
598 2203 716 2244 Bodl.
755 2202 889 2244 Guelf.
931 2203 1066 2244 Turio.
1107 2201 1157 2258 (a
1185 2218 1239 2241 m.
1268 2198 1380 2254 sec.)

58 2257 267 2310 distractis
299 2270 433 2311 Turic-
546 2274 701 2328 infiniti.
731 2269 870 2310 Burm.
901 2274 1002 2321 conj.
1032 2272 1217 2325 infinitae,
1263 2283 1348 2307 11011
1377 2268 1492 2305 addi-

61 2341 240 2379 centibus
270 2340 382 2379 codd.
441 2337 566 2379 Amb.
598 2344 635 2378 1.
667 2339 808 2376 diserte
846 2338 968 2377 habet
1005 2339 1170 2392 infiniti,
1201 2335 1336 2375 Turio.
1370 2335 1494 2372 institi

64 2409 188 2455 (corr.
219 2408 415 2460 institui),
456 2404 589 2446 Guelf.
620 2408 791 2453 institui,
832 2405 938 2446 Flor.
969 2407 1105 2444 institi.

177 2474 209 2525 §.
241 2478 279 2512 2.
339 2473 450 2512 datus
478 2485 534 2511 est
561 2486 674 2524 usus‚·
723 2472 855 2511 deinde
883 2472 1018 2512 Turio.
1049 2474 1157 2511 Flor.
1188 2469 1255 2523 (in
1280 2468 1386 2509 Flor.
1419 2470 1496 2507 alia

65 2555 120 2580 m.
162 2555 260 2578 corr.
298 2538 457 2594 datum)
499 2538 631 2580 Guelf.
690 2539 788 2578 Usus
826 2555 904 2580 om.
937 2538 1076 2591 Camp.
1105 2536 1238 2577 Andr.
1354 2535 1496 2575 dabam

65 2607 125 2647 his
154 2605 264 2647 Sich.
297 2607 419 2646 Goth.
450 2606 554 2646 Flor.
584 2607 719 2647 Turio.

181 2676 213 2728 ᾗ.
255 2678 295 2714 3.
361 2682 503 2728 quc'znio
551 2690 621 2727 pro
666 2690 782 2727 quam
826 2674 913 2713 cod.
952 2670 1237 2711 Almelovenii.
1360 2686 1497 2710 auram

68 2739 204 2783 Turio.
235 2740 340 2783 Flor.
370 2738 502 2783 Guelf.
531 2738 687 2794 Bodlej.
716 2739 837 2785 Paris.
870 2745 908 2781 1.
953 2737 1052 2778 Ald.
1082 2736 1192 2780 Sich.

944 2805 986 2847 A
1015 2812 1040 2848 2
