1775 3091
146 240 197 275 38
587 235 641 275 Su
643 254 695 290 pp
701 235 862 275 lementa
891 238 1151 275 annotationis

145 348 245 389 Ald.
317 348 435 403 [Vix
477 350 663 403 equidem
704 349 814 387 hunc
849 351 985 389 locum
1033 350 1238 401 intelligo,
1272 351 1362 387 -nisi
1399 351 1432 388 si
1472 351 1593 389 verba

148 416 338 471 quidquid
384 432 513 463 corum
565 416 680 456 alteri
729 417 905 458 succedet
942 432 1034 457 cum
1072 419 1306 469 praegressis
1341 419 1594 470 conjungam,

145 499 374 538 novamque
409 488 648 523 sententiam
696 499 718 522 a
758 487 885 524 verbis
923 484 1038 524 Huic
1069 486 1179 538 parti
1214 484 1470 538 subjungatur
1507 483 1596 524 licei

148 553 452 605 (soloeciSmus,
491 555 561 606 qui
590 550 659 604 fit)
688 569 759 606 per
791 555 1100 606 comparationes
1127 551 1365 605 incipiam]

261 623 295 671 ξ.
327 620 394 659 46.
455 619 698 659 diminutum.
759 619 994 660 deminutum
1034 617 1173 660 Turio.
1211 619 1318 660 Flor.
1351 618 1474 660 Amb.
1499 626 1534 660 1.
1555 625 1596 660 2.

145 689 335 725 minutum
367 686 506 740 Camp.
623 686 755 726 deerat
785 689 876 728 edd.
908 689 1002 727 inde
1033 701 1056 727 a
1085 686 1192 729 Jens.
1226 703 1352 743 usque
1378 689 1429 728 ad
1449 687 1596 739 Stoer„

145 769 226 794 acc.
259 752 399 796 Turio.
434 753 556 795 Goth.
592 753 751 803 Guelf.‚
790 758 882 795 fort.
915 758 997 796 alii.

1373 830 1394 854 Q

261 823 298 874 ξ.
337 824 405 863 47.
469 833 668 876 ρεσεαΐιω·.
741 821 960 862 Pronomen
998 839 1160 877 quoque.
1209 821 1330 865 Amb.
1370 856 1408 865 ....
1487 839 1595 877 pecc.

147 887 242 928 Icleo
282 907 371 928 num
409 906 559 944 quoque
599 887 686 943 (ita
718 891 802 929 fere·
839 888 989 941 Bern.3
1040 898 1129 943 post
1167 890 1255 930 ideo
1296 907 1374 931 sec.
1415 907 1469 931 m.
1503 891 1595 931 add.

142 973 354 1010 pronomen
366 957 394 1010 ).

258 1028 292 1076 §.
324 1026 392 1065 48.
454 1041 534 1064 esse
564 1026 699 1064 credat
727 1027 816 1066 edd.
849 1034 941 1065 ante
972 1024 1083 1066 Sich.
1203 1041 1251 1065 ac
1279 1024 1430 1065 similia
1456 1021 1598 1065 Turio.

144 1089 251 1131 Flor.
286 1089 422 1133 Guelf.
453 1091 571 1133 Voss.
600 1098 637 1134 1.
661 1098 699 1134 3.
740 1095 880 1147 Camp.
934 1100 935 1103 ’

260 1163 294 1212 ξ.
327 1163 392 1200 50.
453 1164 523 1214 qui
562 1171 654 1200 tam.
712 1177 786 1214 pro
834 1160 902 1200 illo
939 1178 984 1199 ne
1011 1160 1101 1218 fic.
1132 1161 1264 1212 dicat,
1309 1177 1347 1200 n.
1375 1160 1484 1200 Flor.
1517 1213 1521 1216 η

147 1229 283 1275 unius,
335 1243 358 1266 a
398 1226 538 1280 Spald.
582 1229 873 1279 desideratum,
923 1229 1046 1268 habet
1076 1226 1231 1282 Gryph.
1262 1237 1301 1268 et
1330 1227 1454 1268 Paris.
1485 1233 1524 1269 2.
1557 1228 1597 1267 4.

231 1304 267 1331 ct
305 1296 409 1333 intus
446 1310 524 1334 om.
565 1293 705 1336 Turlc.
743 1295 850 1335 Flor.
893 1310 912 1334 a
953 1311 1012 1349 pr.
1053 1312 1106 1335 m.
1148 1295 1266 1335 Bodl.
1307 1294 1455 1335 Baliol.
1485 1293 1596 1335 Alm.

149 1359 288 1413 Camp.
349 1359 398 1400 ln
437 1360 575 1402 Turio.
623 1366 673 1402 al.
716 1379 769 1402 m.
803 1378 900 1402 corr.
934 1362 1187 1415 adverbium5
1233 1367 1290 1403 ita
1322 1362 1460 1415 Camp.
1494 1366 1600 1402 intro

148 1438 183 1466 ct
213 1427 295 1470 loci
324 1428 549 1468 adverbium
577 1429 703 1471 Amb.
724 1437 763 1471 2.
794 1430 877 1484 (ita
904 1433 985 1470 fere
1006 1429 1220 1470 Beruensis
1234 1429 1263 1484 ).
1327 1430 1483 1484 [Notae
1505 1445 1600 1470 suae

148 1496 197 1534 de
228 1512 279 1534 αη
309 1506 348 1537 et
379 1507 446 1536 aut
477 1496 685 1552 Spalding.
718 1499 946 1551 adscripsit:
981 1500 1030 1538 cf.
1065 1498 1328 1551 Oudendorp.
1362 1499 1413 1538 ad
1432 1497 1598 1538 Sueton.

146 1561 299 1603 Domit.
343 1581 378 1605 0.
413 1563 511 1616 17.]

256 1635 291 1684 ξ.
323 1636 390 1674 51.
450 1632 633 1672 accident
672 1630 811 1673 Turio.
852 1632 960 1674 Flor.
1000 1632 1125 1673 Paris.
1159 1639 1196 1673 1.
1245 1632 1384 1685 Camp.
1429 1642 1468 1673 et
1507 1634 1597 1673 edd.

143 1708 308 1751 posterr.
349 1709 442 1740 ante
481 1699 612 1740 Stoelz
729 1700 803 1739 Est
841 1704 973 1741 etiam,
1009 1699 1072 1740 Ita
1113 1701 1211 1739 dant
1248 1698 1387 1740 Turio.
1420 1716 1597 1755 quoque,

146 1764 252 1806 Flor.
287 1765 426 1820 Camp.
457 1766 582 1807 Paris.
606 1773 642 1807 1.
666 1774 705 1808 2.

256 1837 292 1887 §.
325 1839 391 1875 52.
451 1845 494 1873 ut
533 1834 620 1873 ludi
657 1833 798 1876 Turio.
837 1835 944 1875 Flor.
995 1838 1044 1875 cf.
1077 1835 1214 1888 Spald.
1246 1844 1330 1874 not.
1365 1837 1450 1874 crit.
1483 1835 1534 1873 ad
1561 1833 1596 1884 I,

145 1901 194 1951 4,
228 1905 265 1942 9.
389 1902 630 1956 megalensia
666 1901 806 1943 Turio.
851 1903 954 1943 Flor.
1004 1903 1122 1943 Voss.
1160 1908 1196 1942 1.
1229 1908 1267 1942 3.
1309 1902 1431 1942 Bern.
1474 1900 1597 1942 Goth.

144 1966 269 2008 Paris.
299 1974 336 2010 1.
360 1976 400 2010 2.
437 1969 576 2023 Camp.

259 2039 295 2087 §.
329 2040 395 2077 53.
455 2037 549 2091 aliq.
582 2036 671 2077 hab.
709 2035 848 2090 Camp.
965 2038 1045 2077 Sed
1074 2039 1138 2078 hic
1158 2054 1308 2092 quoqne
1327 2035 1465 2077 Turic.
1486 2036 1595 2077 Flor.
1654 2027 1657 2029 Π

144 2101 271 2144 Amb.
301 2110 341 2146 2.
385 2102 519 2145 Guelf.
563 2103 684 2145 Goth.
721 2104 836 2145 Alm.
867 2102 985 2145 Voss.
1014 2112 1054 2146 2.
1096 2105 1218 2145 Bern.
1254 2104 1393 2159 Camp.
1426 2114 1466 2145 et
1495 2107 1596 2143 aliae

150 2171 239 2210 edd.
274 2181 365 2211 ante
393 2170 496 2212 Bad.

263 2239 297 2290 ξ.
323 2240 399 2281 54.
458 2243 680 2280 inornatam
711 2240 874 2293 Camp.‚
917 2251 960 2280 ut
990 2240 1108 2280 Bodl.

261 2309 297 2358 §.
329 2309 395 2348 55.
455 2317 497 2346 ut
534 2307 704 2348 homines
743 2311 871 2348 omitt.
911 2306 1051 2348 Turio.
1094 2307 1201 2348 Flor.
1245 2323 1267 2347 a
1296 2324 1355 2361 pr.
1388 2323 1441 2346 m.
1473 2305 1594 2347 Bodl.

150 2371 276 2424 Obr.‚
324 2375 415 2414 fort.
457 2374 582 2415 Amb.
618 2381 655 2416 1.
771 2386 813 2414 ut
843 2385 933 2415 aute
960 2379 1144 2414 instituta
1173 2391 1250 2415 om.
1285 2374 1419 2415 Guelf.
1454 2374 1594 2428 Camp.

151 2449 190 2479 et
220 2450 310 2480 cett.
342 2441 431 2481 edd.
465 2453 557 2483 ante
586 2443 713 2495 And„
760 2456 841 2482 aco.
874 2442 1009 2496 Sich.;
1062 2447 1208 2483 retinet
1238 2441 1404 2494 Turio„
1446 2452 1485 2483 et
1514 2445 1594 2493 alii,

151 2510 318 2559 opinor,
355 2511 486 2550 multi.

264 2578 298 2626 ξ.
332 2580 397 2617 56.
460 2574 658 2618 Vectium.
702 2575 748 2616 V
745 2580 918 2617 etticium
945 2577 1051 2619 Flor.
1116 2577 1161 2616 V
1159 2581 1312 2617 elicium
1342 2576 1480 2618 Turio.

265 2645 300 2694 ξ.
333 2646 399 2684 57.
463 2643 621 2684 Gallica
657 2645 871 2686 valuerunt.
943 2644 1101 2685 Gallica
1140 2646 1361 2684 evaluerunt
1397 2644 1521 2685 Amb.
1555 2648 1592 2683 1.

152 2724 176 2748 a
198 2725 250 2749 m.
273 2725 349 2750 sec.
384 2710 517 2765 (prius
535 2722 617 2753 erat
642 2712 801 2755 Gallico
831 2712 956 2766 eval.)
1012 2713 1183 2766 gallicae
1203 2713 1405 2753 valuerunt
1425 2709 1591 2762 Turic.;
