1775 3091
160 203 214 243 42
597 199 869 255 Supplemenlu
897 203 1165 241 αηηοίαὶὸοηές

727 343 758 386 C
790 361 818 386 A
848 362 885 386 P.
944 344 1029 387 VI.

269 451 300 503 ξ.
337 455 373 489 1.
433 449 496 489 vel
523 458 614 489 ante
643 458 778 486 vetust.
815 449 933 488 inser.
973 445 1098 488 Amb.
1132 451 1169 486 1.
1212 446 1348 488 Turio.
1387 439 1597 486 sacili-er-

156 531 258 557 rore.
377 517 527 570 religio.
587 514 765 568 religiose
804 513 941 556 Turio.
1003 514 1139 569 religio
1173 532 1214 554 se
1251 515 1359 556 Flor.
1399 529 1422 553 a
1450 529 1509 567 pr.
1540 528 1596 553 m.

157 584 342 639 religiosa
369 583 494 626 Amb.
535 590 569 624 1.

268 654 305 703 §.
337 659 376 694 2.
437 654 574 691 nisisi
603 648 771 704 quando.
831 653 866 691 si
906 653 1032 690 omitt.
1074 648 1209 691 Turio.
1251 650 1356 690 Flor.
1399 648 1526 690 Amb.
1562 654 1597 688 l.

156 719 296 774 Camp.
412 731 575 773 utraque
603 720 724 756 etlam
756 716 894 772 Camp.
928 717 1065 759 Turio.
1097 734 1120 758 a
1144 734 1221 758 sec.
1246 733 1300 758 m.
1417 717 1598 756 modera-

154 791 257 828 iione
294 787 421 828 Amb.
455 793 491 826 1.
533 801 555 825 a
594 800 649 825 m.
689 801 766 826 sec,
895 785 960 826 vel
1002 802 1124 825 error.
1195 785 1297 825 velut
1333 802 1408 826 err.
1458 784 1595 824 Turio.

153 855 279 896 Amb.
303 862 340 895 1.
370 854 524 894 Ahnel.
585 851 687 891 velut
717 853 895 894 honestus
923 870 1033 893 error
1059 853 1165 892 Flor.
1195 868 1279 892 non
1308 856 1427 892 male.

268 925 303 974 §.
334 929 370 962 3.
431 924 471 959 in
507 930 598 960 ante
635 920 823 974 analogia
861 925 1042 960 inserunt
1082 919 1218 960 Turio.
1255 920 1362 959 Flor.
1402 918 1528 959 Amb.
1558 923 1594 958 l.

153 1007 175 1031 a
204 1007 280 1030 sec.
313 1006 368 1030 m.
399 988 532 1029 Guelf.
567 987 707 1043 Camp.
740 1005 819 1045 qua
848 991 1139 1044 praeposifione
1173 990 1243 1027 vix
1272 1002 1402 1026 carere
1431 989 1568 1040 possis.

267 1060 297 1111 ξ.
330 1059 370 1097 4.
429 1067 471 1095 ut
501 1060 665 1096 incerta.
725 1067 761 1096 et
779 1060 855 1097 inc.
887 1056 1012 1097 Amb.
1036 1061 1071 1095 1.
1189 1055 1455 1095 diminutione.
1498 1053 1595 1093 dem.

150 1125 287 1166 Turio.
324 1124 450 1165 Amb.
485 1129 523 1163 1.
564 1122 698 1165 Guelf,
743 1124 882 1178 Camp.
960 1124 1052 1164 dim.
1094 1123 1201 1163 Flor.
1241 1122 1356 1162 Alm.
1398 1121 1525 1162 Amb.
1555 1128 1596 1162 2.

152 1203 191 1233 et
219 1194 330 1234 editt.
364 1209 515 1233 omues.
579 1195 671 1248 [Cf.
703 1194 804 1245 pras.
835 1190 956 1232 Vol]
985 1208 1024 1245 p.
1047 1188 1290 1241 LXXVI]

265 1263 298 1314 ξ.
330 1267 368 1302 5.
427 1260 577 1300 similia
617 1271 705 1300 sunt
744 1262 866 1299 etiam
903 1258 1040 1298 Turic.
1081 1258 1221 1312 Camp.
1263 1258 1373 1298 Sich.
1443 1257 1597 1313 [Butt-

147 1343 319 1367 mannus
350 1331 519 1379 conjecit
546 1344 617 1381 pro
649 1343 695 1367 eo
726 1327 836 1381 quod
871 1329 1050 1382 sequitur
1088 1326 1246 1366 domus.-
1287 1326 1435 1366 humus.
1494 1314 1594 1366 Vid.

149 1398 274 1449 praef.
306 1395 403 1436 Vol.
425 1394 445 1435 I
474 1412 513 1450 p.
536 1393 798 1446 LXXVII]

264 1465 301 1514 §.
333 1469 370 1503 6.
431 1463 639 1503 deminutio
669 1461 805 1502 Turio.
836 1460 964 1502 Amb.
988 1466 1024 1502 1.
1057 1459 1191 1502 Guelf.
1224 1459 1364 1514 Camp.

261 1536 297 1584 §.
329 1537 368 1572 7.
428 1531 533 1571 Εαιῖ.
564 1534 603 1570 in
632 1530 761 1570 verbis
790 1538 864 1568 cet.
905 1529 1011 1568 Flor.
1038 1532 1095 1569 ita
1124 1532 1316 1569 collocat:
1356 1527 1405 1568 E.
1431 1545 1469 1582 q.
1491 1530 1593 1567 ratio

146 1603 186 1639 in
216 1601 319 1639 verb.
353 1601 454 1638 ratio
481 1597 587 1652 (sic)
620 1615 743 1652 comp.
857 1596 1024 1654 fatendi
1056 1600 1178 1637 etiam
1214 1595 1336 1637 Paris.
1372 1601 1408 1635 1.
1438 1602 1502 1647 2.,
1544 1597 1593 1634 de

147 1671 285 1707 ceteris
314 1670 464 1706 siletur.
580 1669 772 1721 irfiniti85
822 1668 876 1704 sic
907 1667 1030 1703 etiam
1059 1663 1195 1705 Turio.
1228 1679 1250 1704 a
1279 1680 1339 1717 pr.
1368 1679 1423 1702 m.
1467 1663 1590 1704 Paris.

148 1741 185 1775 1.
206 1741 246 1776 2.
279 1735 370 1774 edd.
401 1743 493 1774 aute
523 1733 722 1784 Badium3
763 1735 802 1771 in
823 1735 958 1788 finitis
991 1731 1132 1785 Camp.
1201 1733 1242 1770 in
1270 1733 1433 1786 itfinitis
1463 1730 1588 1771 Paris.

145 1808 184 1844 5.
214 1808 250 1842 6.
367 1812 408 1840 ut
437 1810 527 1840 aute
553 1800 728 1854 prandeo
758 1803 834 1839 ins.
865 1799 1002 1840 Turio.
1037 1798 1177 1851 Camp.
1207 1797 1322 1838 Alm.

259 1871 291 1924 ᾗ.
323 1875 362 1910 8.
423 1871 463 1908 in
487 1870 612 1924 finito
653 1866 792 1923 Camp.
858 1864 909 1907 In
957 1865 1081 1917 versu:
1116 1863 1269 1906 Lucilii
1305 1865 1442 1906 Turio.
1482 1865 1590 1906 Flor.

144 1936 270 1978 Amb.
305 1942 342 1977 1.
383 1939 483 1976 alius
513 1939 591 1975 alja
621 1939 784 1976 omittit.

259 2006 291 2058 ξ.
322 2009 361 2045 9.
422 2003 585 2043 dicetur.
656 2003 759 2041 <licet
796 2000 925 2042 Amb.
957 2008 996 2041 2.
1038 1998 1173 2042 Guelf.
1213 2000 1359 2041 Joann.
1398 2000 1517 2041 Voss.
1550 2006 1588 2041 3.

147 2071 286 2124 Camp.
317 2069 450 2111 Andr.
511 2069 608 2110 dicit
633 2069 739 2109 Flor.
770 2068 885 2109 AJm.
919 2068 1041 2109 Goth.
1109 2069 1186 2106 [Ζίἑ.
1217 2067 1345 2107 Α1111).
1379 2074 1438 2117 1.,
1480 2069 1591 2122 quod

144 2149 184 2179 et
222 2139 324 2178 dicet
365 2147 404 2178 et
441 2137 538 2178 <licit
576 2140 767 2191 explicari
805 2146 945 2191 potest.
1014 2135 1163 2175 dicitur
1189 2134 1325 2175 Turio.
1441 2145 1495 2172 est
1526 2133 1591 2173 illi

142 2206 268 2247 Amb.
305 2211 342 2246 1.

257 2275 294 2325 §.
328 2278 394 2314 10.
455 2288 481 2312 α
505 2289 564 2311 me
592 2288 702 2313 conv.
741 2271 847 2312 Flor.

257 2344 293 2392 §.
325 2346 390 2382 11.
451 2340 639 2394 analogia
667 2356 816 2395 quoque
843 2339 992 2379 dictum
1021 2338 1244 2389 tuebamur5
1289 2339 1344 2376 ita
1370 2337 1460 2376 edd.
1492 2338 1587 2376 inde

143 2426 165 2449 a
194 2408 332 2461 sich„
382 2425 404 2448 e
433 2412 628 2463 prioribus
657 2408 766 2449 Jens.
805 2407 927 2448 Tarv.
968 2404 1066 2446 Loc.
1107 2404 1214 2445 Ven.
1255 2421 1318 2444 an.
1361 2405 1434 2444 hoc
1473 2422 1512 2459 q.
1544 2405 1582 2444 sl.

143 2477 241 2517 iueb.
302 2476 402 2517 Ald.
426 2476 528 2517 Bad.
551 2477 663 2517 Cerv.
696 2480 844 2530 aliique
874 2491 937 2513 an.
962 2490 1000 2528 q.
1025 2473 1062 2513 Ῐι.
1088 2472 1126 2513 cl.
1158 2483 1187 2512 t.
1240 2470 1363 2512 Amb.
1389 2478 1426 2512 1.
1459 2489 1522 2512 an.
1547 2489 1584 2525 q.

144 2544 238 2585 clici.
265 2545 337 2585 hoc
365 2556 391 2583 t.
408 2576 419 2596 ‚
459 2554 504 2585 ut
531 2544 685 2585 Ahnel.
716 2543 816 2598 (nisi
845 2542 955 2596 quod
982 2542 1050 2580 hic
1078 2540 1178 2580 ureb.
1211 2555 1304 2580 cum
1323 2538 1421 2579 Tur.
1440 2537 1581 2592 Flor.).

143 2629 209 2652 an.
251 2612 323 2651 hoc
361 2612 456 2653 dict.
498 2630 535 2666 q.
570 2613 677 2653 Flor.
749 2628 812 2650 an.
844 2625 992 2664 quoquc
1021 2608 1114 2656 Ῐιοο,
1156 2624 1234 2648 om.
1267 2607 1416 2646 dictum
1443 2604 1579 2645 Turio.

147 2679 247 2721 Obr.
289 2679 424 2733 (haud
469 2681 586 2721 dubie
631 2696 682 2720 ex
718 2677 917 2733 Argent.)
1041 2674 1247 2730 legeremus
1287 2677 1407 2715 etiim
1443 2671 1578 2713 Turio.
