1775 3091
437 242 491 281 ad
523 241 686 296 Quintil.
719 240 849 282 Instit.
884 241 920 293 Ῑ,
954 246 992 284 5.
1021 244 1058 295 §.
1091 241 1289 284 32--45.
1540 247 1592 284 37

139 353 280 409 Camp.
310 353 419 396 Jens.
452 366 491 398 et
520 357 610 398 edd.
642 365 804 410 posterr.
838 365 932 396 ante
952 355 1052 397 Bad.
1169 367 1234 408 ut,
1271 353 1317 395 V
1315 357 1376 397 eni
1396 355 1442 396 de
1459 355 1587 398 Susis.

134 419 183 462 Iu
213 423 276 464 his
306 426 481 464 maxime
511 428 707 465 fluctuant
736 425 850 464 codd.
883 435 925 463 ut
954 439 1032 466 om.
1065 423 1199 464 Turio.
1238 423 1346 466 Flor.
1388 422 1512 464 Amb.
1548 430 1585 464 1.

136 488 271 530 Guelf.
331 508 422 531 nam
463 495 564 532 enim
605 491 732 548 (corr.
777 494 825 531 ab
865 494 915 531 al.
949 506 1002 533 m.
1031 490 1146 546 veni)
1187 491 1233 530 cle
1262 508 1392 530 susum
1421 489 1586 542 Turic.;

134 559 191 597 ita
218 557 326 599 Flor.
357 558 468 600 AJm.
499 559 635 600 Amb.·
653 565 690 600 1.
725 557 858 600 Guelf.
892 559 986 612 (sed
1015 563 1122 611 veni,
1156 569 1201 599 ut
1231 557 1332 599 Tur.
1356 574 1377 598 3
1400 574 1453 598 m.
1473 556 1585 609 sec).

135 641 225 665 nam
255 630 347 667 vem·
375 628 429 667 ad
454 644 585 667 susum
616 627 756 681 Camp.
817 627 979 668 Similes
1010 631 1217 668 varietates
1245 628 1337 667 vide
1359 641 1421 680 ap.
1444 624 1584 666 Burm.

249 694 442 747 [Ambulo
460 698 575 735 viam.
605 694 743 750 Neque
763 697 1050 735 detractionem
1069 698 1262 748 intelligo,
1291 711 1366 734 1100
1384 695 1584 749 quomodo

133 759 211 800 hoc
234 764 436 802 soloecum
459 766 522 814 sit,
554 779 647 803 cum
667 767 750 817 ipse
771 762 914 815 Quint.
938 780 1022 816 sup.
1043 780 1127 816 cap.
1156 765 1263 816 §.28
1285 779 1394 802 mare
1416 765 1587 802 curritur

133 832 321 881 posuerit.
377 829 521 870 Malim
549 831 702 872 ambulo
724 835 789 871 via
803 863 813 883 ,
844 842 889 872 ut
910 835 1052 871 omissa
1073 835 1122 870 sit
1141 833 1376 884 praepositio
1397 829 1471 881 im]

246 901 282 950 ς.
316 902 383 939 39.
445 903 487 938 in
517 902 651 939 initio.
713 903 761 940 in„
793 915 873 939 om.
915 897 1054 939 Turic.
1096 897 1203 938 lff'lor.
1234 898 1348 938 Alm.
1412 901 1453 936 in
1482 900 1585 936 viiio

132 961 280 1005 Joann.
304 962 438 1006 Guelf.
460 965 572 1006 Sich.
632 970 765 1021 vicio,
797 982 876 1007 om.
899 971 940 1005 ιῗη
963 966 1104 1020 Camp.
1166 969 1235 1020 [et
1255 969 1330 1019 ipsi
1349 965 1586 1020 Spaldingio

134 1033 352 1086 aliquando
395 1036 712 1087 expungendum
740 1034 994 1085 videbatur]
1112 1051 1299 1088 nusquam
1331 1037 1410 1088 rep.
1444 1031 1584 1085 Calnp.

250 1099 343 1153 [De
373 1104 504 1153 positu
536 1105 825 1152 conjunctionis
856 1105 984 1154 igitur
1012 1103 1119 1155 apud
1150 1100 1386 1142 Ciceronem
1407 1101 1499 1142 vide
1520 1115 1585 1138 me

133 1167 179 1204 iu
211 1164 393 1222 Graium.
424 1166 518 1208 Lat.
552 1170 586 1220 §.
614 1167 742 1218 357.]

248 1239 283 1287 §.
315 1235 384 1275 40.
444 1235 636 1274 deducant
683 1233 823 1275 Turic.
868 1235 977 1276 Flor.
1026 1233 1153 1276 Amb.
1190 1242 1228 1277 1.
1271 1235 1390 1276 Bodl.
1430 1234 1584 1275 Almel.

137 1299 278 1355 Camp.
310 1302 419 1342 Jens.
452 1301 573 1343 Tarv.
600 1303 708 1343 Ven.
740 1302 840 1343 Ald.
902 1303 1087 1342 dividunt
1115 1304 1260 1344 Joann.
1292 1303 1412 1344 Voss.
1438 1308 1476 1342 1.

135 1369 280 1408 cadunt
308 1369 413 1409 Flor.
446 1370 561 1411 Alm.
591 1369 717 1411 Amb.
741 1375 779 1411 1.
810 1370 934 1411 Paris.
959 1377 994 1410 1.
1031 1370 1171 1425 Camp.
1223 1374 1273 1411 cf.
1305 1381 1402 1411 nota
1432 1378 1585 1422 exeget.

135 1434 275 1488 Spald.
364 1437 492 1478 codem
515 1438 716 1493 appellari
733 1438 848 1478 modo
865 1455 979 1493 posse
995 1443 1102 1480 Flor.
1115 1439 1240 1480 Amb.
1258 1445 1295 1479 1.
1316 1437 1449 1479 Guelf.
1500 1436 1583 1477 eod.

135 1503 250 1543 modo
270 1520 361 1559 app.
383 1516 511 1559 potest
534 1505 674 1559 Camp.
707 1506 854 1545 *eodem
874 1506 1016 1561 appell.
1038 1524 1151 1561 posse
1170 1507 1265 1561 (om.
1287 1506 1419 1560 modo)
1443 1503 1582 1545 Turio.

250 1573 283 1625 §.
318 1573 384 1613 41.
445 1577 528 1612 sive
559 1576 622 1612 cui
648 1585 785 1614 status.
847 1577 931 1613 sive
966 1578 1062 1630 quia
1097 1586 1221 1614 status
1251 1572 1391 1615 Turio.
1422 1574 1529 1613 Flor.
1562 1588 1585 1611 a

133 1655 193 1692 pr.
226 1654 282 1680 m.
315 1639 416 1693 (sec.
447 1656 502 1681 111.
535 1642 669 1681 dedit:
709 1659 740 1682 s.
773 1646 838 1681 cui
866 1641 1043 1697 siaseos)
1080 1642 1226 1683 Joann.
1259 1641 1414 1682 Almel.
1447 1639 1581 1681 Guelf.

132 1706 256 1748 Bern.
289 1707 400 1749 Sich.
517 1709 592 1748 alii
618 1709 766 1750 volunt.
827 1709 903 1749 alii
932 1710 1069 1749 dicunt
1099 1708 1222 1751 Goth.
1254 1726 1347 1750 culn
1377 1710 1466 1749 edd.
1490 1717 1582 1748 ante

133 1773 246 1816 Sich.
282 1777 395 1825 (exc.
430 1775 568 1830 Camp.
583 1776 599 1831 )

248 1848 283 1896 §.
306 1844 373 1883 42.
409 1855 609 1897 pvwaetezeo
632 1844 733 1884 Obr.
756 1848 876 1895 solus·
909 1854 948 1883 et
966 1847 1171 1897 vulgatam
1190 1808 1369 1884 defendit
1390 1843 1516 1884 Amb.
1543 1849 1579 1884 1.

221 1910 455 1949 devitandae
492 1909 632 1950 Turio.
673 1911 780 1951 Flor.
812 1910 930 1951 Bodl.
961 1911 1079 1951 Voss.
1107 1917 1144 1951 1.
1167 1917 1204 1951 3.
1238 1910 1378 1965 Camp.
1421 1922 1458 1951 et
1488 1921 1579 1951 cett.

136 1978 227 2018 edd.
262 1987 352 2017 ante
385 1976 563 2031 Gryph„
597 1994 677 2018 300.
709 1978 835 2030 Obr.3
878 1978 1004 2019 Amb.
1032 1984 1067 2018 1.
1098 1988 1235 2018 tuetur
1256 1983 1344 2018 evit.
1366 1994 1459 2025 011111
1481 1979 1582 2030 aliis,

134 2049 208 2101 qui
225 2045 406 2085 silentur.
525 2046 629 2099 quod
647 2057 791 2085 vocant
815 2045 966 2084 dualem
995 2045 1095 2086 Obr.
1129 2045 1211 2100 (ex
1237 2046 1581 2099 Argentoratensi,

135 2117 169 2153 si
192 2120 303 2153 *recte
333 2112 518 2168 conjicio)
550 2112 664 2153 Alm.
695 2113 801 2153 Flor.
832 2113 971 2167 Camp.
1000 2112 1122 2154 Tarv.
1144 2113 1256 2154 Ven.
1273 2116 1364 2154 fort.
1394 2113 1519 2153 Amb.
1543 2119 1581 2154 1.

205 2181 301 2237 fere
329 2190 420 2220 311ΐο
451 2181 762 2235 deprehendatm·
791 2184 908 2221 inser.
942 2182 1031 2221 edd.
1063 2191 1157 2221 vett.
1188 2184 1416 2236 pleraeque.

250 2249 285 2300 §.
316 2250 384 2288 43.
444 2248 503 2287 nil
528 2249 665 2289 horum
693 2247 832 2288 Tui-ic.
865 2247 987 2288 Goth.
1020 2246 1154 2288 Guelf.
1177 2248 1285 2289 Jens.
1311 2259 1349 2289 et
1370 2252 1470 2288 aliae
1490 2251 1580 2290 edd.

136 2325 233 2357 vett.
265 2325 357 2355 ante
389 2314 542 2369 Gryph.
656 2320 900 2369 pronunciet.
950 2314 1089 2355 Tui-ic.
1116 2314 1237 2356 Amb.
1264 2322 1301 2355 1.
1334 2320 1468 2369 inepte
1486 2333 1584 2370 pro-

138 2385 340 2433 nunciet-e,-
378 2385 435 2422 ita
463 2383 569 2423 Flor.
601 2398 624 2421 a
651 2399 706 2423 m.
736 2399 812 2423 sec.
847 2384 979 2437 (prius
1012 2393 1093 2422 erat
1123 2383 1425 2438 pr011uncic1·t)3
1463 2400 1584 2438 prae-

136 2453 318 2490 nuncia-re
348 2449 486 2503 Camp.

252 2518 287 2569 §.
316 2518 383 2556 44.
443 2518 509 2557 M.
544 2516 735 2557 Tullium.
782 2518 848 2558 M.
882 2534 960 2558 om.
991 2518 1096 2558 Flor.

254 2586 289 2636 ᾗ.
323 2586 390 2624 45.
448 2584 693 2623 Similiter-ne
728 2588 771 2623 ιή
799 2601 886 2627 voc.
927 2584 1066 2625 Turio.
1105 2585 1212 2625 Flor.
1256 2583 1390 2626 Guelf.
1429 2583 1583 2625 Almel.

140 2652 258 2693 Bodl.
310 2652 455 2692 Joaun.
503 2650 621 2691 Voss.
657 2658 693 2692 1.
728 2658 765 2693 3.
816 2652 940 2693 Bern.
989 2653 1099 2693 Sich.
1217 2653 1411 2707 quidquid
1449 2655 1584 2693 horum

141 2717 266 2760 Amb.
290 2724 328 2760 1.
445 2718 724 2772 subjungantur
750 2720 855 2761 Flor.
889 2719 1022 2761 Guelf.
1040 2752 1050 2771 ‚
1095 2730 1137 2760 ut
1165 2719 1276 2761 A1m3
1294 2720 1439 2762 Joann.
1459 2720 1581 2761 Bern.
