1775 3091
327 207 381 247 ad
411 204 583 261 Quimil.
612 203 742 245 Instit.
772 200 855 250 IX,
894 205 931 242 3.
971 196 1240 251 §.14-46,
1423 197 1503 235 397

172 324 209 376 ξ.
242 327 308 363 33.
368 325 629 363 exercitatur.
665 318 733 360 Sio
751 316 842 359 Par.
869 320 908 356 1-
931 320 972 357 2.

172 395 209 445 §.
240 392 306 431 34.
364 390 571 430 dubitabit.
602 387 670 429 Sio
691 386 781 439 Par.
804 391 846 426 2.
904 382 1101 440 dubitavit
1121 378 1211 421 Par.
1236 380 1275 419 1.

172 461 209 511 §.
240 463 307 501 35.
373 458 510 498 Ulia-i.
541 455 608 510 Sic
626 455 716 496 I‘ar.
742 459 778 494 1.
800 458 840 494 2.

173 529 210 580 §.
239 531 308 567 36.
366 536 528 566 contra.-
557 524 735 576 Princip.
775 517 842 560 Sic
863 516 953 560 Par.
981 523 1019 559 1.
1040 523 1080 558 2.
1177 513 1310 568 longa.
1349 510 1443 553 Par.
1467 516 1508 551 1.

63 600 102 635 2.
129 594 316 648 longiore.
404 607 517 632 nunc.
548 589 616 630 Sic
634 587 726 630 I'ar.
749 583 785 628 1.
844 585 945 626 hunc
964 583 1055 626 Par.
1076 590 1115 626 2,
1202 583 1313 638 patri
1330 590 1386 622 tu.
1412 579 1509 621 Par.

66 666 103 702 1.
123 667 166 702 2.
185 662 313 716 palris
336 660 406 700 iui-

176 730 213 778 §.
246 731 312 767 37.
372 724 450 778 [In
476 741 575 766 voce
595 722 711 765 modo
732 738 825 763 cum
845 720 984 776 Spald.
1011 720 1264 770 offendisset,
1293 716 1510 759 Schiitzius

62 811 113 835 en
138 796 265 835 adfuit
287 798 484 847 corrigens
503 796 662 833 mutatis
688 792 755 848 (p.
779 797 831 833 29
845 790 874 845 ).
924 788 986 829 At
1005 791 1118 828 nulla
1142 787 1353 827 dubitandi
1377 799 1509 836 causa,

63 863 282 902 dummodo
305 864 364 917 fit
401 863 452 901 ad
485 877 709 916 praegressa
739 862 910 900 reseras:
960 867 996 896 et
1026 855 1131 911 apud
1153 854 1250 895 Rut.
1275 856 1327 909 fit
1357 852 1512 893 casibus

62 930 178 970 modo
218 930 292 970 lzoc
326 921 500 978 schwui,
550 933 576 968 i.
607 946 642 970 e.
684 944 768 969 nou
805 931 927 968 etiam
962 941 1123 980 genere.
1184 922 1374 964 Ceterum
1399 923 1511 973 vulg.

63 994 240 1053 περιόδῳ
278 1001 529 1038 verissimum
561 1000 662 1038 fuit:
722 1013 754 1038 ω
791 997 1034 1036 scribebatur
1074 1008 1112 1034 οι
1143 1001 1182 1032 et
1220 1006 1240 1039 ς
1277 1006 1298 1029 e
1328 991 1512 1043 proxime

63 1068 248 1120 sequenti
276 1066 477 1117 adhaesit,
527 1066 622 1104 inde
653 1067 851 1118 corruptio
883 1065 988 1102 facta
1017 1070 1088 1101 est.
1156 1057 1270 1099 Idem
1297 1057 1514 1099 Schiitzius

63 1136 185 1187 paulo
213 1141 302 1186 post
331 1148 403 1187 pro
437 1135 553 1172 etiam
584 1134 863 1186 corrigendum
902 1139 1016 1186 putat
1046 1131 1225 1176 iter-aiio,
1268 1126 1377 1181 quod
1401 1123 1514 1163 haud

64 1201 184 1240 dubie
203 1215 365 1241 sensum
388 1202 562 1253 adjuvat,
591 1204 636 1240 ni
656 1212 691 1240 et
711 1225 767 1232 -—
787 1203 902 1239 ctiam
920 1209 1034 1253 putes
1055 1197 1215 1238 defendi
1233 1194 1383 1248 possa]

179 1270 214 1321 ξ.
248 1274 315 1310 38.
371 1269 555 1325 publicas
573 1269 730 1309 Larini.
774 1268 864 1308 Par.
889 1271 927 1308 1.
951 1273 989 1308 2.
1007 1284 1047 1321 p.
1065 1264 1228 1305 violari.
1312 1260 1516 1315 judicave-

65 1347 168 1376 runt.
209 1336 302 1378 Par.
322 1342 359 1378 1.
384 1343 425 1378 2.
447 1336 688 1391 judicarunt.
771 1335 841 1375 illo
861 1351 982 1375 nemo.
1013 1333 1081 1374 Sic
1100 1331 1191 1373 Par.
1215 1335 1252 1371 1.
1273 1336 1313 1373 2.

177 1405 214 1456 §.
245 1405 314 1445 41.
373 1415 409 1444 et
428 1421 510 1457 ego.
544 1403 611 1445 Sic
629 1404 720 1445 Par.
748 1409 784 1444 1.
805 1409 846 1445 2.

172 1476 214 1527 ·.§
245 1473 314 1513 42.
372 1471 522 1511 indicio
547 1496 604 1503 -—
632 1471 921 1511 indicabuntur.
953 1467 1022 1510 Sic
1039 1467 1130 1509 Par.
1152 1472 1191 1508 1.
1277 1476 1313 1505 et
1341 1463 1416 1505 his.
1447 1462 1516 1505 Sio

63 1539 155 1581 Par.
179 1544 218 1580 1.
279 1539 376 1593 [Sic
395 1549 491 1594 puto
513 1540 836 1579 emendandum:
876 1537 1014 1594 Neque
1042 1539 1141 1577 enim
1167 1543 1353 1592 poterant
1363 1531 1515 1588 judicio

65 1618 101 1647 et
120 1608 162 1647 hi
178 1607 381 1656 damnari,
422 1609 489 1662 qui
507 1607 776 1661 judicabant]
1478 1605 1480 1607 ‚

178 1679 215 1728 §.
246 1676 315 1715 43.
374 1690 618 1727 magnopere.
650 1674 741 1714 Par.
759 1679 850 1714 1.2.
871 1688 951 1713 om.
1003 1670 1108 1725 [Qui
1128 1674 1265 1711 locum
1283 1678 1518 1723 corruptum

66 1758 205 1783 sanare
226 1751 413 1792 conetur,
447 1742 524 1781 hoc
545 1745 665 1781 etiam
682 1750 839 1792 teneat,
869 1749 957 1794 post
977 1739 1167 1792 adjectum
1191 1741 1306 1777 estin
1327 1736 1452 1778 Amb.
1475 1741 1513 1775 1.

67 1812 148 1862 legi
178 1811 299 1860 enim,
338 1818 383 1848 ut
410 1809 510 1849 haec
539 1811 678 1863 utique
709 1812 829 1849 verba
856 1808 1136 1860 conjungenda
1162 1822 1243 1845 esse
1273 1805 1514 1844 videantur:

68 1877 261 1928 adjectum
292 1887 348 1915 est
374 1879 476 1915 enim
506 1875 769 1916 Veruntamen
788 1880 909 1919 venit.
967 1875 1104 1916 Antea
1124 1877 1210 1914 sine
1231 1874 1353 1912 dubio
1375 1887 1518 1911 emen-

70 1946 249 1984 dandum
277 1945 350 1984 Ῐιοο
376 1947 501 1998 ipsum
532 1960 647 1998 quam
674 1961 812 1985 novum
837 1961 908 1999 pro
931 1961 976 1985 eo
997 1943 1106 1999 quod
1125 1951 1182 1981 est
1200 1941 1360 1990 bonum,
1394 1949 1516 1994 atque

68 2015 265 2065 pertinere
287 2015 453 2051 arbitror
481 2013 531 2050 ad
557 2010 611 2063 Q.
631 2011 843 2053 Metellum
861 2013 1059 2067 Nepotem
1076 2014 1120 2050 in
1141 2009 1370 2050 Tribunatu
1388 2010 1517 2061 plebis

72 2078 273 2120 Ciceronis
292 2082 632 2128 inimicissimum,
673 2091 910 2135 quapropter
935 2084 979 2120 in
1001 2094 1095 2119 eum
1124 2080 1346 2117 orationem
1367 2074 1519 2115 Metel-

68 2149 196 2186 linam
230 2150 473 2200 conscripsit.
531 2146 737 2189 Plutarch.
771 2152 816 2188 in
840 2153 923 2189 vita
952 2148 1037 2189 Cic.
1060 2163 1094 2186 ο.
1119 2150 1196 2186 26:
1228 2141 1514 2197 ευμετὰβολος.

71 2214 140 2253 καί
163 2229 259 2253 ποτε
291 2230 365 2267 τνν
399 2215 626 2269 δημαρχίαν
656 2214 864 2257 ἄποὶιπων
895 2215 1031 2271 ἄφνω,
1070 2212 1171 2268 πρὸς
1189 2209 1413 2264 Πομπῆὶον
1434 2207 1518 2258 ἐξέ-

70 2283 238 2320 π).ἐισεν
265 2297 321 2328 εις
344 2283 519 2336 Συρίαν,
548 2279 621 2323 εἶτ’
654 2283 807 2324 ἐκεῖθεν
828 2283 1056 2336 ἐπανῆλθεν
1078 2279 1128 2322 ἆ)
1120 2279 1343 2335 ογώτεοον.
1402 2277 1518 2317 Ean-

73 2349 166 2387 dem
185 2364 272 2387 rem
294 2347 373 2389 Dio
396 2350 549 2390 Cassius
575 2354 645 2390 lib.
667 2357 720 2392 37
751 2368 785 2392 c.
809 2354 860 2392 43
890 2353 1011 2392 tradit
1036 2350 1171 2389 addita
1195 2352 1317 2388 etiam
1344 2349 1513 2394 ratione,

71 2431 142 2456 cur
161 2416 263 2455 illud
284 2431 437 2457 novum
453 2428 679 2470 vocaretur,
711 2420 820 2474 quod
846 2419 1036 2460 Tribunis
1060 2420 1115 2471 pl.
1135 2432 1188 2456 ne
1207 2429 1332 2454 unam
1351 2413 1516 2469 quidem

69 2493 230 2524 noctem
258 2493 368 2524 extra
388 2488 528 2524 urbem
549 2501 630 2525 esse
654 2488 830 2540 liceret]

185 2553 220 2604 §.
254 2552 322 2592 45.
380 2552 622 2593 Dediderim.
663 2553 730 2594 Sic
751 2554 840 2595 Par.
861 2560 901 2596 2.
922 2570 999 2595 sec.
1018 2568 1073 2592 m.
1132 2550 1302 2590 dederim
1330 2549 1420 2590 Par.
1447 2553 1485 2588 1.

186 2620 224 2670 §.
256 2620 323 2659 46.
380 2636 507 2674 snper.
539 2619 606 2661 Sic
625 2619 714 2661 Par.
742 2626 779 2661 1.
801 2628 840 2663 2.
926 2625 995 2662 vit.
1019 2630 1087 2659 cst.
1126 2622 1191 2659 Sic
1210 2618 1301 2659 Par.
1326 2622 1363 2657 1.
1387 2622 1428 2658 2.

74 2701 107 2726 c.
132 2698 258 2741 auget.
299 2686 387 2728 Par.
418 2695 453 2729 1.
482 2695 523 2731 2.
558 2704 592 2730 c.
623 2704 714 2743 aug.
745 2700 885 2733 autem.
946 2689 1103 2745 [Ainb.
1131 2691 1168 2728 1.
1193 2702 1280 2727 cum
1308 2695 1422 2739 auget
1448 2694 1514 2724 aut
