1775 3091
449 246 503 286 ad
535 243 697 301 Quintil.
726 243 855 286 Instit.
887 245 923 295 Ι,
954 250 992 287 6.
1026 247 1062 300 §.
1097 248 1294 290 35—43.
1538 256 1593 298 49

152 361 398 413 jungendum
439 376 541 412 esse,
591 364 618 401 i.
650 376 684 400 e.
722 360 822 400 haec
857 362 957 400 ratio
996 362 1207 405 verborum
1247 366 1531 417 appellationes
1565 385 1589 409 a

152 430 398 467 naturalibus
430 432 555 468 causis
578 429 627 467 ad
646 430 974 480 significationem
996 430 1251 470 convertendi
1274 429 1458 486 (τρέπειν,
1482 438 1590 476 undo

153 493 336 548 τρόπος)
379 511 423 535 ac
465 497 622 535 videtur
661 496 764 535 mihi
802 494 1078 547 Quintilianus
1117 501 1237 537 etiam
1277 499 1382 539 hanc
1415 517 1536 554 'avem
1566 520 1590 544 a

153 577 250 601 voce
285 578 357 602 sua
396 566 634 616 appellatam
671 572 843 616 putasse.
901 562 1095 604 Varronis
1125 574 1259 606 autem
1285 570 1592 620 originationem

151 631 242 668 vide
284 633 386 670 libro
427 629 470 670 V
511 633 658 683 (vulgo
688 628 779 684 IV)
818 646 852 671 c.
886 634 933 670 11
967 633 1060 672 edit.
1091 631 1278 686 Spengel.
1309 649 1348 687 p.
1376 635 1476 688 81.]

153 697 257 750 quod
295 707 387 737 ante
427 697 586 752 quidam
622 700 740 738 inser.
781 697 919 738 Turio.
967 697 1073 739 Flor.
1120 699 1235 741 Alm.
1274 698 1406 743 Gu-elf.
1449 703 1590 761 Camp.

154 763 246 816 [Cf.
274 764 482 819 Spalding.
513 770 556 804 in
590 768 714 819 praef.
747 764 844 806 Vol.
868 763 889 805 I
927 782 965 820 p.
995 764 1257 820 LXXVH.]
1365 768 1526 825 Longus
1555 785 1592 814 et

150 830 282 887 szus
313 832 420 887 (vid.
451 832 590 887 Spald.
621 843 706 872 not.
740 830 923 889 exeget.)
956 834 1113 873 videtur
1134 833 1234 875 Obr.
1259 850 1311 876 ex
1331 835 1588 891 Argentorat.

152 899 326 952 dedisse3
378 904 435 940 ita
474 904 584 939 euim
620 899 759 941 Turic.
797 900 905 942 Flor.
1031 913 1210 956 strepere.
1268 913 1425 944 sier-iere
1452 906 1589 950 Turic.

152 963 302 1019 (habet
343 971 452 1006 enim
486 979 728 1007 stertet-emus
768 967 933 1023 murm.)
974 967 1081 1009 Flor.
1122 968 1266 1011 Baliol.
1307 970 1446 1027 Camp.
1487 974 1587 1018 Obr,

151 1035 243 1074 fort.
276 1033 403 1075 Amb.
436 1041 473 1076 1.
531 1047 738 1090 extr-epere
768 1033 901 1075 Guelf.
932 1035 1054 1076 Bern.
1095 1035 1221 1077 Amb.
1251 1044 1292 1079 2.
1402 1040 1594 1098 pluraque

152 1104 276 1141 etiam
302 1102 429 1143 Amb.
463 1110 502 1144 2.
534 1105 640 1142 Jens.
670 1102 760 1142 Par.
783 1107 824 1142 2.
848 1107 886 1141 6.
941 1102 1129 1157 pleraque
1154 1103 1244 1144 Par.
1268 1110 1305 1145 1.
1339 1104 1478 1162 Camp.

267 1171 303 1219 §.
337 1175 403 1210 39.
461 1170 581 1207 verba
610 1179 645 1207 et
672 1185 697 1206 a
724 1179 797 1207 vet.
829 1167 966 1208 Turio.
997 1168 1103 1209 Flor.
1123 1169 1277 1217 Almel.
1308 1171 1448 1227 Camp.
1480 1176 1587 1219 Jens,

152 1243 192 1274 et
223 1245 315 1276 cett.
349 1237 440 1277 edd.
476 1246 568 1276 ante
599 1234 780 1290 Gryph.,
832 1250 920 1276 exc.
950 1235 1168 1288 sichardo,
1218 1241 1288 1292 qui
1323 1255 1414 1279 cum
1454 1241 1588 1286 Guelf.

153 1306 301 1343 omittit
331 1314 366 1342 et
395 1320 434 1344 a.
551 1303 619 1342 sed
657 1312 747 1342 ante
786 1304 902 1341 ctiam
945 1318 1025 1343 om.
1065 1303 1200 1344 Tul-ic.
1241 1304 1348 1347 Flor.
1391 1322 1413 1347 a
1440 1324 1501 1364 pr.
1530 1326 1574 1353 m

152 1369 267 1411 Alm.
298 1369 422 1414 Amb.
451 1377 489 1412 2.
523 1369 656 1411 Guelf.
691 1369 831 1423 Camp.
948 1369 1043 1425 aliq.
1070 1375 1163 1426 maj.
1193 1372 1300 1414 Flor.

268 1438 304 1488 §.
337 1439 405 1478 40.
467 1437 559 1491 [De
599 1439 719 1477 verbo
759 1437 975 1477 exanclare
1012 1439 1103 1478 vide
1142 1439 1345 1481 Addenda
1375 1446 1419 1483 in
1445 1448 1588 1498 prafat.

152 1504 249 1545 Vol.
282 1504 303 1544 I
339 1521 380 1559 p.
409 1503 670 1556 LXXVII]
787 1506 918 1545 crebre
963 1505 1100 1547 Turio.
1150 1507 1257 1548 Flor.
1297 1508 1412 1552 Alm.
1454 1510 1589 1557 Guelf,

154 1572 291 1625 Camp.
403 1572 611 1628 manffcsic
630 1571 766 1612 Turio.
786 1569 894 1613 Flor.
915 1571 1029 1613 Alm.
1053 1572 1185 1616 Guelf.
1208 1575 1332 1617 Amb.
1354 1584 1393 1618 2.
1501 1592 1592 1637 iop-

149 1656 231 1692 pcr.
292 1655 411 1694 opper
429 1640 564 1680 Turio.
585 1639 692 1680 Flor.
752 1656 844 1693 oper
872 1639 997 1680 Amb.
1027 1646 1063 1681 1.
1097 1645 1204 1682 sacili
1230 1644 1380 1685 errore.¹
1478 1660 1585 1688 ante.

149 1709 258 1759 gerio
299 1706 438 1748 Turic.
477 1708 585 1748 Flor.
624 1706 750 1747 Amb.
788 1711 825 1747 1.
856 1713 893 1748 2.
942 1705 1074 1748 Guelf.
1113 1709 1231 1752 Voss.
1256 1715 1294 1752 3.
1325 1711 1433 1754 Jens.
1465 1714 1588 1758 Tarv.

151 1774 260 1815 Veu.
292 1774 391 1816 Ald.
428 1776 497 1815 sed
529 1778 682 1814 obstare
712 1775 869 1814 videtur
901 1776 996 1814 ordo
1025 1779 1247 1818 litterarum
1276 1781 1382 1833 apud
1410 1780 1587 1824 Festum.

156 1841 218 1883 Cf.
251 1844 302 1882 ad
332 1840 448 1893 VIII,
482 1847 521 1892 3,
551 1846 618 1881 25.

266 1911 304 1960 §.
335 1911 402 1949 41.
463 1909 707 1961 congregatis
729 1909 851 1946 etialn
869 1905 992 1948 Paris.
1016 1914 1050 1949 1.
1076 1915 1113 1951 5.
1146 1910 1244 1952 Tur.
1267 1911 1374 1954 Flor.
1398 1913 1523 1956 Amb.
1544 1923 1585 1959 2.

158 1976 296 2031 Camp.
358 1979 592 2016 consecratis
620 1975 726 2015 Flor.
761 1990 782 2014 a
810 1991 863 2015 m.
887 1990 966 2016 sec.
996 1976 1119 2018 Paris.
1143 1984 1182 2019 2.
1205 1989 1244 2019 et
1265 1987 1303 2021 5.
1336 1996 1358 2020 a
1376 1997 1453 2022 sec.
1475 1998 1585 2026 man.

266 2049 303 2097 §.
335 2045 401 2084 42.
462 2045 522 2082 his
558 2044 683 2082 verbis
718 2044 854 2084 Turio.
895 2044 1000 2085 Flor.
1038 2044 1163 2085 Amb.
1195 2051 1232 2086 1.
1276 2048 1400 2089 Goth.
1442 2048 1584 2104 Camp.

155 2120 196 2151 et
235 2120 327 2151 cett.
371 2112 459 2150 edd.
499 2120 588 2150 ante
626 2110 753 2152 Stoer.
869 2112 1085 2151 subm-chin.
1130 2120 1294 2153 tuentur
1328 2118 1448 2156 etiam
1476 2116 1585 2159 Flor.

154 2178 279 2219 Aan.
319 2184 359 2218 2.
405 2180 496 2218 fort.
535 2177 697 2230 Turic.;
755 2179 1036 2218 ziburciabund.
1081 2177 1218 2233 Camp.
1341 2181 1587 2237 lurchinab.‚·

155 2248 212 2286 ita
239 2247 360 2284 etiam
390 2244 524 2284 Turio.
553 2245 660 2285 Flor.
693 2244 817 2285 Amb.
850 2252 887 2286 1.
947 2246 1135 2286 chlziab.
1175 2246 1297 2287 Paris.
1323 2253 1360 2289 1.
1389 2249 1516 2291 Amb.
1541 2258 1582 2293 2.

157 2312 321 2352 lurciab.
364 2311 501 2366 Camp.
612 2312 744 2367 placet
779 2315 900 2352 etiam
937 2312 1043 2353 Flor.
1082 2311 1207 2353 Amb.
1241 2319 1277 2354 1.
1310 2322 1350 2356 2.
1387 2315 1511 2358 Paris.
1544 2322 1582 2358 5.

159 2378 298 2432 Camp.
380 2416 385 2420 ,
410 2379 567 2434 placeat
594 2379 716 2419 Paris.
741 2384 778 2420 1.
800 2386 840 2421 2.
953 2380 1171 2433 gladiolam
1198 2380 1305 2421 Jens.
1339 2381 1458 2422 TarV.
1482 2383 1582 2425 Ald.

158 2446 238 2499 (cf.
270 2446 407 2499 Spald.
437 2445 590 2501 notas).
705 2445 822 2486 colles
850 2446 984 2486 Turic.
1022 2446 1138 2487 Bodl.
1170 2446 1307 2502 Camp.
1338 2449 1470 2491 Andr.

271 2515 302 2567 ξ.
332 2514 399 2553 43.
461 2514 580 2553 locuti
624 2515 727 2564 sint5
784 2517 840 2553 ita
885 2518 1006 2553 etiam
1053 2514 1173 2554 Paris.
1206 2521 1245 2555 2.
1286 2514 1412 2556 Amb.
1448 2521 1486 2557 1.
1516 2523 1581 2571 2.;

161 2583 280 2620 ceteri
307 2583 510 2632 vulgatam
537 2583 750 2619 lectionem
779 2592 865 2620 sunt
897 2583 987 2620 dare
1016 2583 1220 2630 videntum,
1264 2591 1303 2622 et
1332 2584 1470 2623 diserte
1491 2587 1584 2624 lau-

158 2647 303 2686 dantur
329 2646 452 2687 ParIs.
476 2652 512 2687 1.
537 2653 575 2687 3.
599 2651 637 2688 5.
751 2651 818 2702 qui
845 2648 1050 2704 loquantur
1079 2648 1215 2689 Turio.
1247 2664 1269 2689 a
1298 2665 1357 2703 pr.
1387 2664 1441 2690 m.
1475 2651 1580 2693 Flor.

157 2712 283 2753 Amb.
311 2721 351 2755 2.
380 2712 493 2755 Alm.
524 2713 640 2754 Voss.
659 2720 696 2755 3.

205 2793 302 2827 Tom.
328 2792 370 2831 V,
1085 2779 1123 2819 D
