1775 3091
418 288 470 327 ml
503 286 665 342 Quintil.
697 287 824 326 Instit.
856 285 937 339 JV,
966 291 1005 327 1.
1045 287 1084 337 §.
1115 290 1283 327 8-18,
1487 291 1566 329 175

133 403 242 444 Sich.
305 405 371 457 qui
398 402 509 443 Jens.
539 401 658 442 Tarv.
690 398 789 441 Loo.
819 399 927 440 Ven.
1030 403 1117 440 sint.
1176 410 1263 440 sunt
1291 398 1431 454 Camp.
1475 415 1566 439 cum

132 475 246 512 Voss.
287 476 323 511 1.
449 487 534 510 cum
571 481 719 509 auctor.
790 479 869 507 tum
907 480 1009 508 auct.
1050 469 1140 509 edd.
1179 477 1270 508 ante
1308 466 1436 518 Bad.,
1478 484 1566 509 exc.

131 540 271 593 (lamp.
397 549 609 578 oratorum.
679 547 880 576 auctorum
929 538 1021 577 edd.
1071 547 1161 577 ante
1210 535 1433 587 Stoa-ium,
1478 551 1566 576 exc.

131 607 295 661 Camp.;
329 607 445 646 codd.
477 607 661 647 videntur
691 619 828 644 omnes
857 614 1058 659 receptam
1088 607 1194 645 dare.
1311 603 1363 643 acl
1391 620 1563 645 causam.

183 686 251 714 aut
283 691 315 714 c.
346 673 453 714 Flor.
476 688 573 726 apr.
596 688 652 712 m.
683 687 776 711 cum
806 671 922 712 Ahn.
1017 676 1079 713 iis,
1140 674 1199 712 his
1226 670 1351 712 Amb.
1375 677 1412 712 1.
1443 670 1567 713 Goth.

240 745 354 781 etiam
370 740 499 797 fi-tcil.
557 738 617 780 Ita
646 739 751 779 Flor.
781 738 906 780 Amb.
935 745 972 781 1.
1032 758 1115 780 cam
1131 741 1227 796 fac.
1257 738 1383 781 Amb.
1411 747 1451 782 2.

241 812 278 861 §.
311 814 376 849 13.
424 820 504 847 ium
535 808 642 862 dign.
697 825 783 848 cnm
805 808 909 862 dign.
943 807 1065 849 Goth.
1097 808 1236 862 Camp.
1325 825 1408 857 sua,
1438 826 1565 864 quam.

181 895 290 917 suam
309 894 347 931 q.
380 874 544 928 Turic.;
576 878 684 916 idem
764 891 952 918 asec.m.
998 894 1139 932 suaque
1157 888 1355 932 tanquam.
1451 876 1567 916 Mul-

127 958 206 985 ium
234 949 329 997 agit.
387 944 452 984 Μ.
481 948 536 983 stit
566 942 704 984 Turio.
726 958 748 982 a
766 960 824 997 pr.
845 960 901 984 m.
960 945 1079 985 mulio
1107 947 1233 998 magis
1263 944 1390 985 Amb.
1416 950 1452 985 1.

126 1017 165 1053 in
224 1015 370 1053 eminis.
427 1010 495 1051 Sic
533 1012 623 1052 Par.
656 1016 693 1051 3.
720 1012 760 1051 4.
831 1022 870 1049 ut
897 1010 1004 1067 scm.
1041 1012 1149 1053 Flor.
1181 1026 1206 1052 a
1237 1028 1295 1066 pr.
1326 1027 1384 1053 m.
1446 1023 1488 1052 ut
1528 1016 1569 1052 in

121 1082 215 1139 fem.
249 1079 374 1120 Amb.
403 1085 440 1120 1.
471 1079 578 1119 Flor.
615 1094 638 1118 a
668 1094 744 1118 sec·
778 1094 832 1118 m.
867 1077 955 1118 Par.
981 1085 1018 1120 1.
1039 1085 1081 1120 2.

238 1151 273 1201 ξ.
308 1149 372 1187 14.
433 1164 452 1185 e
474 1148 685 1186 contrario.
737 1162 756 1183 e
785 1148 914 1185 omitt.
948 1145 1054 1186 Flor.
1077 1162 1175 1200 apr.
1195 1161 1252 1187 m.
1284 1145 1419 1187 Turio.
1454 1147 1565 1188 Alm.

127 1216 267 1269 Camp.
384 1216 600 1253 contemtio.
661 1224 871 1252 contemtus
901 1216 983 1267 (vel
1013 1213 1266 1268 contemptus)
1297 1213 1431 1254 Turic.
1459 1214 1566 1255 Flor.

125 1283 249 1324 Goth.
289 1282 406 1323 Voss.
439 1288 478 1322 2.
520 1281 610 1321 I‘ar.
640 1286 677 1321 1.
710 1282 748 1321 4.
791 1291 829 1322 et
860 1283 949 1322 edd.
982 1291 1072 1321 aute
1103 1281 1258 1332 Stoen,
1301 1296 1386 1321 exc.
1429 1280 1566 1335 Sioh.;

124 1361 300 1391 veterem
327 1352 542 1390 lectionem
569 1350 729 1389 reduxit
759 1349 875 1400 Obr„
921 1365 943 1390 a
971 1365 1050 1404 quo
1079 1365 1163 1389 11011
1192 1350 1341 1389 recedit
1370 1348 1494 1390 Amb.
1528 1356 1565 1391 1.

126 1417 303 1472 Recepta
323 1428 379 1457 est
401 1421 445 1456 in
467 1415 601 1457 Guelf.
631 1416 721 1457 Par.
739 1424 794 1468 2.‚
827 1427 865 1457 et
885 1427 930 1457 ut
950 1419 1106 1458 videtur
1136 1416 1252 1457 Voss.
1272 1422 1308 1456 1.
1323 1422 1361 1458 3.
1386 1416 1509 1458 Amb.
1525 1424 1563 1459 2.

129 1486 358 1539 [Ejicienda
387 1488 507 1539 igitur
536 1485 631 1524 hinc
661 1486 817 1525 videtur
847 1489 1067 1535 contemtio,
1098 1500 1201 1541 quae
1229 1501 1305 1525 nec
1334 1488 1431 1525 alibi
1462 1487 1567 1539 apud

125 1552 426 1606 Quintilianum
455 1568 526 1607 pro
558 1563 746 1592 contemtu
776 1553 1016 1604 invenitur}

236 1624 270 1674 ξ.
306 1626 370 1663 15,
430 1622 566 1675 Neque
595 1620 702 1660 haec.
760 1620 815 1661 N.
851 1621 893 1660 id
923 1620 1083 1671 Guelfi,
1123 1629 1283 1674 propter
1311 1623 1417 1660 male
1446 1623 1568 1661 intel-

122 1692 273 1730 lectum
302 1688 428 1744 quod5
470 1704 521 1728 ex
551 1689 691 1727 eadem
721 1703 838 1727 causa
868 1688 1006 1742 Camp.
1047 1687 1201 1728 dantur.
1312 1692 1410 1727 satis
1440 1682 1507 1728 esi.

124 1769 186 1797 sat
212 1769 266 1796 est
298 1756 434 1797 Turio.
465 1756 571 1796 Flor.
603 1753 729 1794 Amb.
757 1760 791 1794 1.
815 1761 854 1796 2.
888 1754 1023 1795 Guelf.
1055 1754 1195 1808 Camp.
1310 1755 1508 1810 pleraque.

121 1825 312 1880 pluraque
342 1825 450 1865 Jens.
482 1823 602 1863 Tarv.
633 1821 734 1861 Ald.
851 1833 918 1861 ant
946 1826 1038 1862 min.
1098 1839 1147 1862 ac
1177 1825 1269 1862 min.
1301 1822 1408 1862 Flor.
1439 1822 1565 1864 Amb.

128 1898 163 1932 1.
188 1899 227 1933 2.
264 1890 397 1932 Guelf.
432 1890 571 1943 Camp.
681 1889 887 1928 munienda
916 1889 1051 1929 Turio.
1088 1905 1110 1928 a
1134 1905 1212 1929 sec.
1241 1905 1320 1940 m.‚
1363 1893 1432 1944 qui
1461 1907 1567 1930 error

122 1963 288 1999 recurrit
319 1962 352 2011 §.
374 1965 442 1999 27.
548 1956 646 1996 illml
668 1973 821 1997 causae.
884 1957 956 1995 illa
980 1974 1119 1996 causae
1151 1961 1272 1996 etiam
1302 1957 1408 1997 Flor.
1436 1957 1562 2000 Amb.

64 2021 68 2023 ‚
128 2034 163 2068 1.
192 2033 232 2067 2.
263 2026 352 2066 Par.
380 2032 417 2066 1.
443 2031 480 2065 3.
503 2027 542 2064 4.
573 2023 671 2063 AM.
730 2022 906 2078 Recepta
939 2034 995 2064 est
1020 2028 1064 2063 in
1095 2024 1186 2066 Par.
1215 2032 1254 2065 2.

176 2097 183 2102 ’
235 2096 272 2144 §.
308 2099 372 2134 16.
432 2093 536 2147 qnod
560 2103 596 2130 et
610 2094 721 2146 fieri.
782 2103 815 2130 et
846 2094 973 2131 omitt.
1005 2091 1141 2133 Turio.
1171 2092 1278 2133 Flor.
1313 2093 1450 2148 Camp.

123 2172 158 2199 ct
184 2173 251 2201 cst.
314 2164 349 2200 si
376 2164 556 2200 inserunt
585 2159 719 2199 Turio.
753 2158 892 2213 Camp.
998 2171 1124 2199 tamen
1155 2165 1283 2202 omitt.
1316 2160 1450 2203 Guelf.

121 2229 188 2267 secl
209 2232 244 2267 si
271 2228 377 2269 land.
437 2231 472 2267 si
502 2231 630 2267 omitt.
662 2226 798 2266 Turio.
914 2239 1068 2267 nostrae
1091 2234 1243 2268 cau's‘c'zeJ
1298 2229 1407 2269 Haec
1436 2239 1564 2270 trans-

121 2305 278 2349 ponunt
307 2295 441 2336 Tul-ic.
475 2295 583 2336 Flor.
614 2297 737 2335 Amb.
763 2299 800 2334 1.
835 2294 975 2348 Camp.
1009 2295 1120 2336 Sich.

235 2367 271 2414 §.
297 2367 362 2403 17.
414 2363 527 2403 lenes.
580 2363 678 2402 leues
703 2359 836 2402 Guelf.
862 2373 900 2402 et
922 2365 1010 2403 edd.
1044 2374 1133 2404 ante
1152 2362 1267 2415 AJd.,
1299 2381 1386 2404 exc.
1421 2364 1561 2418 Camp.

239 2433 387 2469 remissi
418 2441 539 2470 erunt.
601 2432 824 2468 remiserunt
867 2430 1000 2472 Turio.
1040 2432 1162 2482 Flor.,
1204 2430 1245 2486 (a
1277 2448 1337 2485 pr.
1369 2448 1423 2472 m.
1455 2441 1565 2471 uter-

124 2498 218 2553 que)
248 2498 364 2537 Alm.
469 2515 639 2538 cansam.
701 2513 839 2536 causas
869 2497 1001 2539 Guelf.
1033 2498 1171 2552 Camp.
1203 2515 1296 2538 cum
1325 2500 1443 2539 Voss.
1466 2506 1505 2540 3.

237 2567 272 2617 §.
307 2569 372 2604 18.
430 2565 606 2604 Accidit.
654 2564 822 2604 Accedit
852 2565 990 2619 Camp.
1093 2577 1134 2604 ut
1156 2577 1223 2605 aut
1249 2567 1370 2606 nobis.
1431 2577 1472 2605 ut
1496 2578 1563 2606 aut

123 2649 161 2672 α.
191 2649 228 2673 n.
260 2632 394 2671 Turio.
418 2648 439 2671 a
459 2648 516 2685 pr.
539 2644 591 2671 m.
652 2642 694 2670 ut
720 2649 745 2671 a
771 2634 858 2673 nob.
889 2633 1008 2674 Tarv.
1126 2633 1364 2673 adversario.
1423 2634 1563 2673 adver-

122 2702 241 2738 sav-iis
268 2699 375 2739 Flor.
408 2715 430 2738 a
460 2715 538 2739 sec.
567 2714 623 2738 m.
658 2698 699 2752 (a
724 2714 781 2752 pr.
811 2716 866 2740 111.
897 2700 1117 2754 eversariis)
1149 2699 1271 2740 Amb.
1298 2706 1333 2741 1.
1365 2699 1503 2755 Camp.

124 2766 370 2806 adversarius
400 2766 532 2806 Turio.
552 2764 664 2806 Alm.
762 2770 889 2807 nescio
912 2786 961 2808 an
983 2772 1026 2808 ei.
1078 2771 1204 2808 nescio
1226 2771 1340 2808 etiam
1363 2771 1398 2808 εἰ
1426 2769 1556 2809 Turio.
