1775 3091
162 265 216 306 acl
239 265 479 319 Quint.]ns!.
496 264 619 318 P‘IIL
635 269 671 315 3,
694 269 887 306 73—89.
922 267 961 316 4,
976 268 1141 305 2—29.
1172 268 1209 312 5,
1231 265 1398 304 4—16.
1459 268 1538 306 383

216 380 252 430 §.
285 383 351 419 21.
411 390 604 418 autumus.
647 378 714 420 Sic
738 379 858 418 etiam
879 375 1004 418 Amb.
1031 381 1068 417 1.
1090 382 1130 418 2.
1160 377 1281 418 Paris.
1306 381 1343 417 1.
1367 380 1405 416 3.
1459 374 1541 416 Sed

104 460 187 484 non
222 455 278 486 est
308 449 593 497 dubitandum,
636 449 734 500 quin
763 448 882 486 ceteri
911 460 1082 499 quoque.
1141 444 1344 497 Ejusmodi
1367 445 1541 483 subsidia

103 516 316 564 scripturae
345 528 366 552 a
387 513 525 566 Spald.
549 517 783 553 constitutae
801 515 944 564 passim
964 513 1103 551 afferre
1124 526 1329 565 possumus
1344 543 1354 561 ‚
1385 512 1455 550 sed
1475 513 1541 550 cui

102 581 207 618 bono
222 611 232 630 ,
269 583 337 619 ubi
358 585 448 620 satis
469 580 651 621 constat?
695 579 953 619 Enotablnms
974 583 1103 631 potius
1121 583 1190 619 ubi
1211 581 1414 619 differunt.

245 676 255 686 .
285 653 353 688 22.
412 651 528 686 eiiam
556 658 668 702 alque
695 647 781 686 sibi.
830 645 957 686 Amb.
991 652 1026 687 1.
1051 653 1091 688 2.
1121 646 1211 688 Par.
1239 651 1276 686 1.
1297 652 1333 687 3.
1356 650 1394 686 5.
1426 649 1542 685 eliam

101 713 178 752 sibi
205 723 339 767 atquc,
388 729 630 769 quamquam
651 714 938 768 Spaldingiana
967 718 1089 766 rafio,
1129 726 1241 769 atquc
1278 715 1420 753 debere
1450 722 1542 753 ante

100 783 280 820 vocalem
298 796 378 820 esse
393 813 404 833 ‚
444 784 563 822 nimis
583 786 720 822 multis
742 785 943 822 contrariis
964 785 1060 822 locis
1080 785 1315 822 infirmatur.

216 850 254 898 §.
285 854 353 889 23.
410 849 676 890 Alcibiadem.
722 849 850 891 Amb.
875 855 911 890 1.
942 865 1012 905 pro
1040 859 1230 904 perpetua
1254 849 1542 890 consuetudine

101 931 171 955 sua
190 916 439 955 Alcibiaden.

215 987 250 1035 §.
282 985 348 1023 24.
407 983 550 1024 Pelias.
600 982 786 1026 Amb.-1.
815 984 936 1041 pelta.
1037 984 1204 1043 serunt,
1237 1002 1283 1026 ea
1298 987 1395 1025 item
1416 982 1542 1026 Amb.

106 1057 144 1092 1.
206 1050 286 1091 Sed
306 1052 372 1091 hic
394 1055 513 1091 etiam
530 1052 717 1107 palantis:

218 1120 255 1169 §.
285 1123 353 1160 25.
412 1129 534 1158 ierunt
554 1123 666 1160 servi.
718 1119 844 1161 Amb.
872 1126 908 1161 1.
939 1131 1102 1161 ceterum
1129 1124 1287 1160 serviet
1309 1121 1436 1171 cellis,
1474 1122 1545 1160 sed

105 1198 269 1226 celerum
290 1202 341 1225 ex
361 1190 617 1227 correctione.
675 1186 765 1228 Par.
790 1194 829 1229 6.
860 1200 917 1227 ier
939 1192 1050 1228 'servi
1077 1188 1198 1229 cellis.
1258 1188 1348 1229 Par.
1373 1196 1408 1228 1.
1429 1195 1468 1229 2.
1498 1189 1545 1227 de

103 1257 225 1294 servis
243 1265 276 1292 et
298 1253 422 1294 cellis.
472 1254 598 1295 Amb.
625 1261 666 1297 2.
693 1267 818 1295 icrunt
842 1260 946 1296 servi
966 1268 1000 1295 ct
1022 1256 1130 1296 cellis
1156 1256 1267 1297 nillil.

217 1323 253 1373 ξ.
286 1327 353 1362 27.
412 1332 562 1361 tuorum
586 1326 706 1362 etiam
727 1327 769 1362 in
790 1323 914 1364 Amb.
943 1330 982 1365 1.
1003 1325 1124 1364 deest.
1182 1322 1291 1362 Tum
1320 1323 1459 1363 similis
1490 1334 1551 1362 est·

104 1390 194 1429 huic
205 1391 346 1444 figura
371 1406 507 1444 quam,
546 1391 615 1429 sed
639 1406 691 1430 ex
713 1401 876 1431 correct.
991 1391 1098 1431 solet,
1142 1391 1267 1431 Amb.
1293 1397 1330 1431 1.
1351 1390 1486 1431 solent.

213 1458 244 1508 ᾗ.
275 1462 343 1498 29.
402 1454 557 1496 Vereor
589 1466 635 1497 ut
663 1468 770 1498 recte
808 1461 1025 1498 aestimarit
1053 1459 1307 1512 Spaldingius
1339 1456 1468 1498 Amb.
1503 1463 1543 1499 1.

103 1525 247 1564 codicis
279 1527 512 1577 scripturam
544 1525 718 1574 eoecidit,
765 1541 898 1580 neque
929 1530 1038 1565 enim
1069 1541 1176 1565 error
1202 1528 1354 1565 librarii
1388 1526 1546 1565 videtur

102 1607 206 1642 esse,
245 1592 315 1630 sed
340 1595 423 1644 ipse
452 1589 597 1642 Quint.
626 1594 803 1632 indicare
833 1596 1004 1633 voluisse
1032 1609 1158 1645 paene
1177 1597 1309 1647 ipsum
1327 1595 1543 1646 poenitere,

103 1659 212 1713 quod
238 1658 316 1699 hoc
344 1661 425 1709 jam
444 1661 533 1698 loco
553 1674 703 1698 nomen
722 1661 825 1699 fflud
843 1663 1175 1699 commemorarit.

678 1780 769 1822 CA
908 1780 966 1821 V.

213 1857 372 1898 Titulus
395 1861 438 1897 in
457 1858 704 1900 Amb.1.2.
727 1868 785 1900 est
801 1797 898 1898 1'DE
926 1856 1265 1899 GENERIBVS
1287 1857 1546 1899 SENTEN-

107 1924 303 1966 TIARV
300 1926 365 1966 M.
1420 1962 1423 1963 ⁷

217 1997 251 2048 ξ.
281 1994 321 2033 4.
378 2010 423 2032 ca
443 2010 551 2047 quae.
603 1993 671 2034 Sic
700 1992 825 2034 Aan.
852 1999 911 2046 1.,
951 1994 1019 2034 sed
1043 1993 1132 2034 Par.
1159 2000 1196 2035 1.
1231 2011 1276 2034 ea
1302 2011 1441 2049 quam.⁴

217 2064 246 2115 ξ.
279 2066 317 2100 6.
375 2072 487 2100 emus.
532 2059 659 2102 Amb.
693 2067 732 2101 1.
765 2062 841 2101 hoc
871 2065 958 2101 loco
990 2063 1179 2101 mendose
1209 2064 1396 2101 lacunam
1423 2061 1545 2101 habet

104 2132 207 2169 inter
231 2131 310 2168 duo
343 2131 485 2168 misera
513 2145 588 2168 non
615 2139 685 2170 est.
744 2128 826 2169 Sed
852 2129 940 2170 Par.
964 2136 1000 2170 1.
1022 2137 1062 2171 2.
1085 2146 1139 2169 cx
1158 2132 1380 2168 mutatione.
1438 2128 1545 2168 Mihi

104 2207 139 2235 ct
166 2208 432 2236 mut.verm11
458 2196 637 2248 videtur,
678 2197 785 2251 quod
807 2201 1002 2250 pertineat
1030 2199 1081 2237 ad
1107 2198 1150 2237 id
1179 2197 1286 2252 quod
1310 2200 1490 2299 sequitur
1510 2206 1546 2235 et

103 2263 355 2303 translatione
368 2295 378 2315 ‚
421 2272 460 2303 et
487 2267 541 2303 sic
570 2273 627 2303 est
653 2267 697 2302 in
716 2263 889 2305 A1nb.2

216 2333 248 2386 ᾗ.
281 2336 318 2372 9.
377 2348 524 2386 quoquc
558 2342 612 2370 est
651 2348 772 2372 omne.
832 2331 958 2373 Ajnb.
992 2337 1030 2373 1.
1067 2332 1220 2387 quidem
1260 2348 1381 2373 omne.
1451 2331 1546 2372 Post

103 2400 211 2439 idem
250 2401 500 2452 concepimus.

212 2469 247 2520 ξ.
282 2471 348 2506 12.
407 2468 529 2506 novis.
576 2464 703 2507 Amb.
731 2471 769 2508 1.
799 2467 922 2509 nobis.

215 2536 248 2588 ξ.
281 2539 346 2574 13.
406 2545 441 2572 ct
464 2543 582 2572 recta.
636 2532 799 2574 Absunt
817 2535 916 2575 haec
947 2538 994 2574 ab
1028 2533 1151 2575 Amb.
1175 2539 1212 2574 1.

216 2604 248 2656 ξ.
283 2606 347 2641 16.
410 2599 673 2641 Cloantillam.
728 2600 805 2642 Pro
833 2605 1014 2643 inaudito
1040 2605 1205 2642 nomine
1234 2616 1397 2652 verum,
1432 2603 1542 2656 quod

103 2672 167 2709 vel
188 2671 412 2719 conjectura
433 2671 534 2708 effici
552 2671 681 2720 potuit
694 2701 705 2721 ‚
739 2669 900 2711 exhibet
917 2671 1043 2711 Amb.
1071 2676 1106 2711 1.
1129 2669 1389 2710 Domitillam.
1427 2667 1541 2711 Idem

104 2745 238 2776 tamen
259 2739 361 2776 infra
377 2734 458 2788 IX,
479 2742 518 2788 2,
541 2741 593 2776 20
628 2740 696 2776 ubi
717 2741 835 2792 vulgo
857 2755 929 2793 pro
956 2738 1167 2779 Cloantilla
1189 2740 1357 2792 legitur,
1386 2737 1538 2791 proclo,
