1775 3091
343 273 396 316 aa
428 270 591 328 Quintil.
623 269 749 310 Instit.
785 268 867 322 IV,
898 276 936 311 2.
991 271 1028 321 §.
1058 275 1254 314 26—27.
1441 277 1518 314 193

85 393 177 434 edd.
209 391 346 432 ordine
376 401 509 436 verso,
547 400 679 441 neque
708 384 822 425 codd.
855 386 1008 425 variant
1044 387 1087 424 in
1125 386 1278 426 ordine.
1330 389 1441 441 prius
1471 391 1520 429 iis

87 460 209 502 Goth.
241 458 354 499 Colb.
388 465 427 495 et
454 455 543 494 edd.
574 469 596 493 a
624 453 731 494 Jens.
755 467 879 506 usque
900 453 950 491 ad
972 452 1150 506 Cervic.3
1180 451 1302 496 Amb.
1318 461 1358 496 2.
1390 452 1519 500 omitt.

84 529 159 569 his.
273 523 453 580 d‘fi“⁸i³·
512 519 638 561 Amb.
659 526 698 561 2.
730 519 848 560 Voss.
873 525 905 558 1.
931 525 967 560 3.
997 519 1117 562 Bern.
1148 520 1310 578 dcfirisi.

86 598 139 636 in.
171 611 202 634 s.
238 609 275 633 a.
309 608 342 631 c.
372 608 409 629 n.
443 599 496 630 ut.
550 587 667 630 Voss.
694 593 732 628 1.
757 592 795 627 3.
825 585 948 628 Bern.
978 587 1079 626 velut
1107 591 1259 629 initium
1287 593 1339 630 sit
1368 603 1410 631 ut

88 662 207 702 alium
239 659 341 714 culp.
400 656 468 698 Sic
497 658 618 696 etiam
647 654 769 707 Flor.‚
809 654 919 694 aliud
947 670 1107 711 quoque
1135 656 1223 697 Par.
1248 662 1285 700 1.
1304 665 1345 701 2.
1368 665 1409 702 3.

88 731 251 769 ratione.
311 725 437 766 Amb.
464 729 500 765 1.
534 725 734 763 rationem.

201 799 238 849 ᾗ·
269 798 337 835 27·
400 791 540 830 Erunt·
596 788 731 831 Guelf·
770 788 880 831 SiCh·
920 790 1034 833 Sunt·
1177 810 1294 848 neque
1333 795 1377 835 id
1414 813 1519 840 raro.

89 861 214 906 Goth.
244 875 338 902 cum
366 862 508 899 nostris
538 867 629 898 ante
659 856 824 909 Cervia,
855 869 1019 914 excepto
1050 859 1185 915 Camp.
1201 892 1213 910 ,
1242 866 1443 907 omnibus.

89 933 265 971 crimine.
338 926 406 968 Sic
447 929 569 965 etiam
605 923 728 966 Amb.
762 931 798 965 1.
834 926 941 968 Flor.
994 931 1196 969 criminum
1224 929 1343 971 Voss.
1377 937 1414 973 1.

93 1000 265 1051 cognitio
294 1005 363 1034 est.
428 992 534 1034 Flor.
574 1008 734 1048 quoque
765 994 875 1034 addit
905 998 1100 1048 cognitum
1120 1008 1188 1037 est.
1245 996 1311 1037 Ex
1341 997 1463 1042 Amb.
1490 1008 1529 1044 1·

91 1066 198 1105 nihil
227 1079 249 1103 a
278 1065 469 1115 scr-Iptura
495 1059 691 1101 Obrecht.
717 1058 906 1114 (cognitio
932 1062 1004 1117 est)
1029 1063 1229 1104 diversum
1257 1073 1430 1109 notatur.

81 1130 236 1190 faciles
275 1129 329 1170 acl
368 1127 600 1168 diluendum.
657 1126 941 1168 Assentiuntur
979 1145 1139 1185 quoque
1186 1130 1312 1174 Amb.
1344 1139 1381 1175 1.
1426 1135 1532 1177 Flor,

94 1200 186 1241 Par.
210 1204 247 1238 1.
278 1203 319 1238 2.
352 1201 390 1236 3.
451 1193 628 1233 diluendo
658 1194 824 1235 exhibet
851 1199 970 1235 etiam
997 1194 1123 1236 Amb.
1147 1203 1186 1238 2.
1202 1230 1212 1249 ,
1245 1207 1284 1238 et
1310 1215 1363 1240 ex
1391 1203 1535 1243 editio-

94 1269 215 1307 nibus
243 1268 323 1317 jam
353 1262 506 1304 Cel-vic.
547 1272 585 1304 et
614 1261 726 1303 Sich.
837 1263 1025 1315 gravibus
1059 1276 1253 1305 oneratae.
1314 1266 1383 1308 Sic
1416 1274 1537 1311 etiam

96 1333 224 1375 Amb.
251 1337 288 1372 1.
310 1337 351 1373 2.
381 1330 487 1371 Flor.
519 1329 630 1371 Sich.
661 1360 665 1363 Α
747 1329 979 1372 amolienda.
1036 1329 1162 1371 Amb.
1186 1338 1222 1373 1.
1242 1340 1281 1374 2.
1311 1334 1418 1376 Flor.
1447 1337 1538 1381 Par,

102 1407 141 1443 1.
170 1407 209 1442 2.
242 1405 281 1440 3.
313 1402 433 1438 etiam
463 1399 560 1437 dant
589 1396 817 1437 amovenda.
930 1397 999 1439 M.
1043 1398 1206 1441 Coelius.
1246 1400 1383 1445 Turio.
1428 1405 1537 1449 Flor.

101 1468 168 1509 M.
210 1466 423 1517 Caecilius,
470 1468 706 1505 assentiente
753 1463 880 1505 Amb.
912 1472 977 1517 2.‚
1014 1470 1085 1522 qui
1121 1476 1256 1508 tamen
1294 1486 1542 1524 praenomen

101 1537 262 1576 omittit.
354 1549 476 1573 norme
505 1535 655 1587 optime.
710 1532 818 1573 Flor.
848 1543 1011 1587 optume.
1055 1533 1155 1575 Ald.
1184 1534 1337 1592 Gryph.
1367 1543 1544 1594 optimus,

102 1602 228 1644 Amb.
256 1606 295 1642 2.
330 1599 453 1641 Goth.
485 1599 595 1640 Vall.
625 1599 740 1640 Voss.
771 1606 810 1641 2.
829 1605 870 1641 3.
900 1604 1091 1654 posterius
1123 1606 1250 1645 omitt.
1337 1608 1546 1663 impudici„

104 1673 200 1710 tiae.
259 1668 367 1709 Jens.
394 1685 517 1724 usque
548 1669 599 1708 ad
630 1667 782 1709 Cervic.
814 1668 1082 1722 impudentiae,
1112 1670 1182 1709 sed
1210 1673 1406 1724 codicum,
1436 1678 1545 1730 quod

106 1739 299 1787 viderim,
328 1739 479 1776 nullus.
580 1735 726 1789 impud.
757 1752 871 1789 quam
894 1735 1018 1791 vemf
1045 1735 1186 1777 Par-1.
1223 1755 1382 1795 quoque
1413 1752 1547 1783 tuetur

109 1821 249 1860 quam,
279 1805 389 1858 quod
418 1805 545 1843 omitt.
583 1800 709 1842 Amb.
744 1806 784 1842 2.
818 1800 908 1840 Par.
940 1804 978 1842 5.
1089 1806 1276 1858 veneficii.
1334 1807 1401 1849 Sic}
1429 1813 1550 1850 etiam

109 1871 247 1912 Turio.
281 1869 433 1911 Cervic.
461 1869 572 1910 Sich.
602 1868 728 1908 Amb.
760 1872 798 1907 1.
827 1869 987 1919 siletur,
1016 1877 1062 1909 ut
1091 1879 1130 1910 et
1156 1873 1241 1924 ipse
1269 1877 1446 1928 veneficii
1475 1892 1550 1918 ex-

111 1939 250 1978 hibere
278 1938 473 1977 videatur.
561 1934 696 1974 deinde
723 1944 816 1974 tum.
849 1933 974 1974 Amb.
998 1941 1035 1975 1.
1069 1938 1206 1977 ordine
1228 1949 1395 1994 mutato,
1425 1941 1549 1985 Goth.

111 2005 229 2047 Voss.
244 2009 278 2046 1.
298 2003 437 2057 Camp.
456 2018 580 2057 usque
603 2003 653 2041 ad
671 2001 772 2041 Bad.
802 2000 938 2039 deinde
956 2018 1052 2044 cum.
1091 2002 1239 2056 [Locus
1261 2007 1480 2050 Tursellini
1501 2028 1553 2052 ex

113 2075 332 2113 recentiore
364 2072 456 2110 edit.
490 2079 546 2110 est
574 2085 662 2123 pag.
693 2074 786 2120 180,
818 2069 1026 2119 Varronis,
1054 2085 1173 2125 quem
1206 2076 1275 2113 ille
1304 2091 1435 2116 unum
1462 2082 1554 2118 lau-

117 2141 206 2190 dat,
237 2139 332 2177 edit.
362 2137 550 2190 Spengel.
581 2135 657 2187 VI,
689 2141 738 2188 63
770 2138 838 2176 sed
866 2140 1037 2177 alterum
1067 2140 1270 2194 adscripsit
1297 2141 1554 2198 Spaldingius

114 2207 295 2247 Vitruvii
329 2202 406 2254 VI,
449 2210 472 2244 8
514 2214 612 2243 extr.
645 2204 913 2258 laudavitque·
947 2206 995 2244 de
1036 2208 1181 2246 talibus
1221 2214 1557 2262 geminationibus

117 2273 165 2314 F.
183 2271 235 2313 A.
256 2271 458 2313 Wolfium
488 2272 538 2311 ad
553 2270 793 2325 Leptineam
820 2287 910 2325 pag.
943 2277 1038 2314 235.
1097 2273 1232 2314 Etiam
1263 2275 1398 2317 deinde
1421 2291 1559 2334 postea

119 2344 304 2394 frequens
344 2348 401 2378 est
438 2349 477 2378 et
511 2340 617 2393 apud
652 2342 784 2392 ipsum
816 2336 1053 2379 Ciceronem
1083 2354 1122 2393 p.
1154 2340 1243 2382 Mil.
1285 2360 1319 2384 c.
1350 2347 1418 2386 24.
1479 2346 1561 2388 Sed

120 2409 165 2448 h.
196 2410 225 2447 1.
259 2420 501 2460 quamquam
532 2422 592 2446 res
631 2407 771 2445 eadem
810 2416 888 2458 est,
930 2410 1159 2461 recipienda
1198 2417 1334 2450 tamen
1368 2417 1562 2467 scriptura

121 2477 215 2516 libri
251 2471 436 2514 Ambros.
474 2484 553 2512 tum
593 2472 748 2520 deinde,
790 2477 900 2525 cujus
940 2477 1221 2528 geminationis
1261 2481 1383 2531 paulo
1421 2485 1564 2522 melior

124 2551 183 2582 est
222 2542 444 2580 auctoritas.
512 2539 620 2579 Vide
650 2538 867 2581 Tursellin.
896 2557 985 2595 pag.
1018 2542 1136 2596 884]
1253 2545 1391 2585 Pallae
1421 2558 1564 2587 totam-

127 2625 199 2664 que
227 2607 273 2646 de
300 2609 353 2645 vi.
412 2605 537 2645 Amb.
569 2611 606 2645 1.
634 2605 796 2660 paulae,
827 2611 1031 2661 vulgatam
1055 2619 1190 2649 tuetur
1220 2610 1309 2652 Par.
1344 2619 1381 2653 1.
1447 2615 1494 2654 de
1523 2623 1567 2656 υἱ

130 2675 322 2715 exhibent
343 2676 464 2713 etiam
491 2672 614 2712 Amb.
640 2672 779 2714 1.Par.
795 2679 832 2715 3.
850 2677 889 2715 4.
950 2676 1036 2715 (lein
1065 2676 1154 2717 I‘ar.
1172 2683 1259 2719 1.2.
1295 2678 1417 2720 Goth.
1453 2682 1563 2723 Sich,

132 2741 264 2783 Coliu.
290 2756 416 2796 usque
441 2741 494 2781 ad
521 2738 631 2781 Gibs.
692 2739 826 2781 deinde
852 2741 961 2784 Jens.
993 2759 1117 2797 usque
1147 2746 1198 2784 ad
1227 2745 1380 2787 Cei-vic.
1412 2746 1567 2804 Gryph.

178 2820 276 2854 Tom.
305 2818 347 2857 V.
1076 2809 1113 2850 N

1417 526 1521 566 velut
