1775 3091
403 220 454 259 ml
487 219 647 272 Quintil.
679 218 804 257 Instit.
840 215 894 268 Π,
925 219 988 257 17.
1030 215 1066 265 §.
1099 220 1264 256 5—20.
1467 221 1543 257 105

232 338 265 387 ξ.
301 341 363 375 13.
422 333 605 373 discendi.
664 332 739 371 dic.
770 329 906 371 Turio.
938 328 1074 383 Camp.
1105 328 1351 368 cummunis
1375 335 1412 368 et
1430 329 1544 368 codd.

122 412 159 443 et
191 404 304 453 edd.;
344 404 512 443 correxit
531 404 609 452 jam
630 398 790 453 Regius.
905 397 1032 436 adhuc
1054 406 1139 451 post
1171 407 1206 435 et
1236 399 1405 436 inserere
1427 398 1548 435 etiam

121 470 244 510 Paris.
270 476 306 510 1.
328 476 366 511 2.
399 472 578 510 omittere
608 467 728 508 Paris.
757 468 796 505 4.
831 470 869 507 5.
901 467 1052 505 notavit
1079 464 1240 506 Pottier.
1353 463 1439 502 licet
1468 465 1549 515 pri-

121 553 208 577 mus
239 539 345 577 dedit
374 537 488 578 Sich.
546 537 677 577 liceret
704 534 841 587 Camp.
901 531 964 573 De
993 532 1176 573 Parisinis
1206 533 1293 573 licet
1324 530 1443 571 habet
1461 531 1547 571 cod.

122 609 161 646 5.
221 604 347 644 licebit
386 610 422 645 1.
453 614 490 643 et
520 610 560 644 2.

231 684 267 734 ᾗ.
302 684 368 723 14.
429 681 580 737 Gryllo.
636 683 776 734 grippo
816 679 940 719 Amb.
979 685 1015 720 1.
1072 677 1186 734 gyrlo
1216 676 1352 719 Turic-
1391 676 1497 718 Flor.
1529 692 1552 717 a

121 765 266 802 pr.‚m.
299 748 432 791 Guelf.
548 760 636 788 tres.
696 750 767 786 iris
796 746 932 787 Turio.
964 762 986 786 a
1016 763 1072 800 pr.
1105 762 1182 793 m.,
1213 748 1281 800 qui
1301 760 1454 799 semper
1471 748 1552 785 fere

121 819 176 856 ita
215 820 360 858 scribit.
474 816 708 856 dialectices.
776 816 901 865 Hujus
951 817 1195 865 conjecturae
1233 828 1284 852 ne
1322 828 1372 852 ex
1412 813 1552 855 Pariss.

123 886 284 939 quidem
329 888 458 924 ullum
499 884 738 937 praesidium
785 885 967 931 affertur,
1025 882 1092 922 sed
1139 880 1301 920 Pottier.
1342 880 1556 922 dialecticis

124 967 206 992 esse
235 956 276 991 in
308 954 421 992 codd.
443 958 480 993 1.
504 958 543 992 2.
567 957 605 992 3.
637 953 811 1002 notavit,
861 952 910 989 de
940 952 980 990 4.
1010 959 1049 988 et
1077 954 1114 990 5.
1145 951 1282 988 tacuit.

237 1033 273 1084 ξ.
307 1036 372 1073 15.
423 1030 698 1070 Athenodorus
729 1044 807 1069 om.
838 1028 945 1069 Flor.
977 1043 999 1068 a
1027 1043 1086 1081 pr.
1107 1042 1161 1066 m.
1193 1025 1328 1066 Turio.
1358 1025 1472 1066 Alm.

126 1098 282 1151 Agnou.
335 1099 444 1138 Aion
466 1097 573 1137 Flor.
596 1112 617 1136 a
636 1112 694 1150 pr.
713 1111 769 1135 m.
884 1098 984 1149 ipsa.
1029 1098 1107 1134 ista
1135 1094 1271 1134 Turio.
1300 1092 1420 1135 Bodl.
1450 1094 1558 1136 Flor.

125 1164 238 1205 Alm.

163 1251 170 1257 '
237 1246 274 1296 §.
295 1246 361 1283 16.
407 1240 470 1281 Hi
492 1240 628 1295 compl.
684 1239 808 1280 Amb.
831 1245 869 1279 1.
900 1237 1153 1293 hicoriplura.
1183 1238 1261 1279 scd.
1308 1236 1433 1279 Amb.
1454 1245 1491 1280 1.
1512 1252 1561 1282 et.

241 1323 278 1372 §.
303 1326 368 1362 17.
411 1321 482 1361 his.
540 1323 589 1359 iis
617 1319 754 1360 Turic.
786 1316 922 1359 Guelf.
1035 1329 1090 1357 est
1121 1334 1206 1371 arg.
1256 1331 1310 1357 ex
1332 1329 1426 1360 mat.
1453 1319 1561 1362 Flor.

128 1387 266 1442 Camp.

239 1470 274 1517 §.
309 1471 374 1507 18.
431 1466 574 1506 Altera
613 1476 679 1505 cst.
746 1475 800 1504 cst
836 1480 916 1506 om.
955 1464 1064 1506 Jens.
1114 1473 1153 1505 et
1197 1467 1297 1506 aliae
1336 1466 1427 1508 edd.
1466 1477 1563 1510 vett.

127 1549 221 1575 cum
249 1534 368 1575 Voss.
390 1539 430 1575 2.
544 1536 728 1573 assentire
755 1535 884 1587 priore
911 1535 998 1574 loco
1023 1533 1145 1572 habet
1174 1531 1312 1587 Camp.
1343 1550 1436 1574 cum
1454 1534 1564 1576 Jens.

128 1612 168 1642 et
196 1611 295 1655 post.
327 1611 417 1641 ante
449 1599 604 1656 Gryph.
716 1603 971 1655 perceptione.
1030 1598 1089 1641 Ita
1105 1609 1259 1654 praeter
1287 1601 1423 1643 Turio.
1445 1607 1566 1643 etiam

129 1668 252 1710 Aan.
288 1674 325 1710 1.
355 1675 396 1710 2.
434 1668 557 1710 Paris.
593 1674 630 1709 3.
670 1674 708 1710 5.
772 1685 876 1723 pree.
915 1667 1054 1723 Camp.
1169 1685 1246 1708 ass·
1273 1669 1416 1726 salsis.
1473 1671 1567 1712 Post

130 1736 229 1777 haec
269 1739 386 1776 verba
424 1735 560 1776 Turio.
600 1736 725 1776 Amb.
753 1742 794 1776 2.
835 1739 1015 1775 inserunt
1052 1738 1144 1786 siu,
1190 1735 1299 1776 Flor.
1342 1753 1365 1778 a
1400 1754 1477 1780 sec.
1509 1754 1565 1779 m.

131 1803 213 1844 Sic.
303 1804 550 1843 rhetorice-
568 1806 641 1842 scit
669 1803 814 1843 Joanu.
845 1802 963 1842 Voss.
988 1807 1025 1842 1.
1049 1808 1086 1842 3.
1130 1801 1228 1856 [Ad
1255 1813 1394 1843 notam
1423 1820 1569 1858 exege-

132 1874 252 1911 ticam
293 1872 341 1910 de
380 1886 476 1911 voce
512 1872 704 1924 perceptio
741 1870 838 1909 haec
878 1869 1133 1922 Spaldingius
1163 1870 1392 1924 adscripsit:
1439 1871 1569 1922 „Nou

134 1939 248 1978 video
278 1939 478 1993 quomodo
508 1953 547 1977 se
575 1938 761 1976 defendat
789 1939 1055 1976 masculinum
1087 1936 1467 1989 λαμβανόντων
1495 1938 1570 1992 τὴν

133 2003 370 2060 ἀναφορὰν,
423 2020 654 2060 quanquam
693 2008 748 2044 ita
787 2006 970 2044 scribitur
997 2007 1041 2043 in
1071 2003 1196 2045 Sexto
1224 2004 1377 2045 Fabric.
1404 2021 1500 2046 nam
1527 2010 1570 2045 in

134 2075 221 2113 loco
260 2071 465 2113 Lucianeo
505 2071 633 2128 (infra
673 2073 708 2124 ξ.
739 2070 820 2126 41)
859 2071 936 2111 hoc
975 2074 1183 2112 omittitur.
1241 2070 1408 2126 Repone
1447 2077 1570 2127 igitur

135 2139 467 2193 λαμβανουσῶν]
1510 2143 1513 2146 ”

249 2220 286 2269 §.
321 2224 387 2260 19.
454 2235 533 2258 esse
570 2221 671 2273 opin.
739 2221 841 2274 opin.
880 2235 959 2258 esse
994 2216 1127 2259 Guelf.
1169 2216 1293 2259 Goth.
1373 2235 1453 2258 esse
1489 2235 1570 2260 om.

139 2286 265 2337 Obr.,
303 2301 385 2326 non
413 2287 573 2339 suffrag.
601 2284 725 2326 Amb.
751 2291 788 2326 1.
905 2288 990 2340 ipsi.
1043 2286 1118 2327 sibi
1144 2289 1220 2340 ipsi
1247 2295 1400 2339 praeter
1430 2286 1571 2327 Burm.

139 2363 373 2393 memoratas
402 2357 522 2393 etiam
551 2354 659 2394 Jens.
683 2353 801 2393 Tarv.
829 2352 936 2393 Ven.
969 2353 1070 2393 Bad.
1103 2343 1216 2394 Cerv.
1334 2370 1417 2394 cum
1449 2354 1573 2393 inclu-

140 2436 204 2459 sus
233 2435 312 2460 om.
342 2420 450 2461 Flor.
482 2437 503 2460 a
524 2437 583 2475 pr.
605 2436 662 2461 m.
768 2423 889 2461 circa.
939 2424 1082 2460 circum
1101 2420 1132 2460 F
1136 2423 1209 2461 lor.
1230 2420 1346 2461 Voss.
1369 2427 1407 2460 2.
1433 2420 1569 2474 Camp.

141 2490 245 2527 Jens.
288 2496 325 2526 et
361 2497 459 2541 post.
498 2498 589 2528 ante
625 2487 776 2540 Stoer.3
829 2490 988 2529 reduxit
1022 2488 1147 2540 Obr.3
1198 2487 1322 2528 Amb.
1358 2493 1395 2528 1.
1436 2487 1571 2529 TurIc.

141 2557 321 2594 silentur.

254 2623 289 2674 ξ.
325 2628 387 2663 20.
447 2623 556 2663 Item.
612 2622 676 2662 Ita
702 2622 837 2664 Turic.
869 2639 891 2663 θ
915 2640 992 2664 sec.
1025 2639 1105 2675 m.:,
1147 2625 1253 2677 prius
1288 2632 1370 2674 era}
1399 2622 1462 2664 iz'.

147 2692 184 2728 in
213 2707 251 2729 se
274 2689 379 2748 sals.
411 2690 498 2731 hab.
531 2688 667 2744 Camp-
