1775 3091
256 253 309 294 0ιῖ
341 253 500 308 Quintil.
528 252 655 294 Iustis.
683 251 741 302 Π,
774 257 837 292 13.
866 253 900 304 §.
926 255 1092 292 6-17,
1133 252 1251 304 14.§.
1274 255 1412 291 1—3.
1499 256 1553 292 95

228 371 264 422 ξ,
302 369 365 408 14.
412 369 513 427 suit.
561 368 694 426 fiterit
723 369 844 408 etiam
872 365 977 407 Flor.
1018 364 1139 407 Parla.
1165 370 1204 406 2.
1228 367 1266 406 5.
1298 362 1439 418 Camp‚

117 436 228 489 allig.
251 454 321 477 me.
380 454 440 477 mc
459 437 528 478 all.
565 437 704 490 Camp.
820 446 973 475 vocant.
1031 435 1205 474 vocitant
1232 431 1359 472 Aan.
1388 438 1442 484 1.‚
1470 446 1555 472 non

117 509 237 546 male.
353 516 420 544 aut
456 506 601 545 subrui.
649 504 785 544 Turio.
823 501 931 543 Flor.
970 501 1086 543 Ahn.
1126 500 1244 542 BodJ.
1282 499 1409 542 Amb.
1442 505 1480 541 1.
1508 506 1551 543 2.

117 573 255 627 Camp.
287 572 397 615 Jens.
429 582 469 614 et
495 581 597 627 post.
629 581 721 612 ante
750 570 848 613 Sich
877 582 912 610 et
942 570 1088 610 subrui.

227 655 262 706 ᾧ.
300 657 366 694 15.
425 667 482 692 ex
522 652 598 691 his.
651 667 706 691 ex
747 653 798 691 iis
839 648 959 692 Goth.
1001 664 1093 689 cum
1122 648 1230 689 Jens.
1261 657 1301 689 et
1329 657 1430 703 post.
1460 657 1554 689 ante

114 718 228 760 Sich.
341 720 541 775 plurimis,
599 718 660 760 Ita
687 719 795 760 Flor.
829 717 969 773 Camp.
1009 720 1100 757 fort.
1136 716 1263 758 Amb.
1287 721 1324 756 1.
1436 733 1557 772 prae-

113 791 268 829 sentiss.
323 798 541 843 praesmnt.
569 786 687 828 Bodl.
719 788 827 829 Jens.
859 796 899 828 et
928 795 1029 841 post.
1062 794 1153 825 ante
1172 783 1274 826 Bad.
1333 782 1555 840 Receptam

113 864 276 896 tuentur
306 866 462 910 praeter
489 859 586 896 alios
617 854 752 897 Guelf.
785 855 908 897 Goth.
941 854 1082 908 Camp.

231 937 268 986 §.
304 941 368 976 16.
426 953 453 976 a
481 952 572 991 qua.
631 952 730 990 qua,
778 951 858 976 om.
902 951 928 974 a
955 934 1107 973 habent
1138 935 1259 972 etiam
1287 930 1393 972 Flor.
1424 946 1448 971 a
1474 948 1554 973 sec.

114 1018 168 1043 m.
199 1003 324 1043 Amb.
350 1009 386 1043 1.
409 1009 447 1044 2.
480 1021 577 1058 quac
605 1002 713 1058 (0111.
738 1002 786 1057 α)
818 1003 923 1043 Flor.
957 1017 977 1041 a
995 1018 1053 1055 pr.
1075 1016 1131 1042 m.
1165 1000 1303 1055 Camp.
1335 1017 1361 1040 α
1379 1016 1456 1055 qua
1474 1003 1557 1052 jam

115 1072 304 1111 dederant
334 1072 442 1111 Sich.
477 1072 608 1112 Colin.
670 1071 832 1111 Pottier.
864 1074 1020 1110 notavit
1056 1086 1136 1124 qua
1166 1069 1270 1123 (om.
1304 1066 1371 1125 a.)
1402 1083 1483 1107 esse
1511 1071 1558 1107 in

114 1137 236 1178 Paris.
264 1144 300 1179 1.
326 1145 366 1179 2.
392 1145 430 1179 5.
463 1148 501 1178 et
533 1137 672 1191 Camp.
699 1139 769 1177 sed
797 1138 906 1191 quod
936 1138 987 1176 ad
1014 1137 1120 1176 hanc
1149 1137 1314 1191 quidem
1338 1137 1557 1175 editionem

112 1209 276 1257 attinet,
324 1209 443 1259 longe
482 1205 586 1244 mihi
620 1207 742 1258 ipsius
782 1203 1010 1258 Spaldjngii
1047 1203 1143 1242 fides
1185 1211 1244 1243 est
1279 1206 1554 1257 praestantior.

196 1283 421 1315 monstrent.
481 1284 666 1313 monstret
692 1273 800 1314 Flor.
831 1271 950 1312 Voss.
976 1276 1015 1312 3.
1049 1269 1172 1312 Goth.
1287 1281 1466 1310 stratum.
1522 1272 1559 1309 si

113 1356 244 1378 rarum
274 1340 399 1380 Amb.
422 1346 460 1382 1.
493 1357 514 1381 a
539 1357 616 1382 sec.
643 1357 699 1382 1n.
816 1342 1034 1381 circumire.
1094 1341 1266 1379 circuire
1291 1337 1398 1380 Flor.
1431 1337 1555 1380 Goth.

113 1406 215 1448 Obr.
247 1417 287 1447 et
315 1412 468 1465 aliquot
496 1410 586 1450 edd.
614 1418 739 1463 vett.3
783 1410 854 1450 sed
878 1407 1004 1450 Amb.
1035 1413 1073 1448 1.
1105 1410 1327 1448 circumire.

225 1491 260 1539 §.
296 1492 360 1528 17.
424 1489 532 1541 Quae
555 1499 655 1529 sunt.
718 1488 767 1542 (1.
789 1491 867 1529 sint
896 1491 1016 1529 etiam
1034 1487 1141 1529 Flor.
1160 1486 1288 1528 Amb.
1308 1492 1348 1529 2.
1371 1485 1496 1528 Paris.
1512 1493 1554 1528 2.

116 1552 255 1608 Camp‚
301 1557 391 1596 fort.
433 1555 560 1597 Amb.
595 1563 632 1598 1.
689 1568 778 1597 sunt
813 1560 966 1612 primus
1005 1557 1114 1596 dedit
1153 1556 1284 1598 Colin.
1318 1565 1357 1596 et
1393 1571 1473 1595 esse
1510 1558 1557 1595 in

111 1621 234 1664 Paris,
262 1629 298 1663 1.
322 1624 361 1663 4.
391 1625 512 1664 ‘tradit
539 1625 704 1667 Pottier.
822 1641 876 1665 ex
897 1626 971 1666 his.
1030 1628 1154 1665 exiis
1180 1623 1304 1666 Goth.
1329 1638 1422 1664 cum
1443 1622 1553 1663 Jens.

113 1700 151 1730 et
188 1701 288 1744 post.
328 1701 419 1731 ante
458 1691 570 1734 sich.
685 1697 725 1732 si
763 1710 841 1748 qua
877 1697 1000 1735 etiam
1035 1692 1144 1735 Flor.
1185 1691 1311 1734 Amb.
1335 1697 1376 1734 2.
1411 1690 1553 1746 Camp.

109 1758 221 1800 Sioh.
254 1759 341 1801 Col.
373 1759 474 1802 Obr.
507 1763 599 1802 fort.
629 1760 756 1801 Amb.
782 1767 820 1803 1.

653 1883 685 1925 C
718 1898 745 1924 A
777 1900 815 1925 ι’.
875 1881 1018 1924 XIV.

224 1974 261 2023 §.
297 1979 334 2014 1.
395 1976 637 2014 tentaverint.
705 1985 934 2030 temptarent
978 1973 1116 2014 Turio.
1155 1971 1263 2013 Flor.
1331 1973 1557 2026 iemptarint

110 2040 235 2080 Amb.
251 2046 288 2081 1.
303 2047 341 2081 2.
364 2040 486 2082 Bern.
509 2041 650 2095 Camp.
711 2052 952 2082 tentaverunt
972 2042 998 2082 J
1000 2057 1082 2083 ens.
1103 2050 1141 2081 et
1159 2050 1260 2095 post.
1283 2049 1374 2079 ante
1396 2040 1554 2095 Gryph.

196 2124 251 2148 επ·
285 2108 449 2150 Gracco.
510 2127 529 2149 e
571 2110 721 2152 Graeco
761 2110 900 2152 Turio.
942 2126 965 2150 a
993 2126 1070 2150 sec.
1093 2124 1149 2149 m.
1181 2107 1318 2164 (prius
1347 2117 1431 2148 erat
1457 2106 1555 2163 est).

109 2190 164 2217 cx
196 2192 263 2217 om
294 2181 414 2218 etiam
442 2177 569 2220 Amb.
589 2185 628 2220 2.
744 2182 825 2219 suis
852 2182 995 2234 utiquc.
1049 2188 1104 2219 ut.
1137 2180 1221 2216 suis
1248 2175 1374 2217 Amb.
1403 2181 1441 2216 1.

224 2257 261 2307 §.
292 2263 331 2298 2.
391 2257 539 2298 Flavii.
590 2258 727 2300 Plauti
753 2264 876 2301 etlam
892 2259 1000 2300 Flor.
1033 2257 1160 2297 Amb.
1179 2262 1220 2298 2.
1250 2254 1374 2298 Paris.
1397 2259 1434 2294 1.
1451 2260 1491 2296 2.
1515 2259 1554 2295 3.

110 2323 215 2377 (tac.
239 2323 404 2366 Pottier.
426 2327 474 2366 de
486 2328 659 2382 'ceteris)
693 2328 834 2383 Camp.
867 2328 969 2370 Obr.
1000 2330 1092 2367 fort.
1123 2323 1248 2366 Amb.
1275 2329 1314 2364 1.
1431 2339 1559 2362 essen-

107 2392 167 2430 ΐία
197 2401 311 2445 atque
343 2395 458 2434 entia.
518 2412 590 2437 ess.
631 2407 667 2435 et
693 2413 793 2451 quae
823 2400 927 2436 entia
954 2395 1077 2437 Amb.
1101 2399 1141 2435 2.
1170 2392 1291 2434 VOSS.
1318 2397 1357 2432 1.
1417 2407 1489 2432 ess.
1522 2400 1559 2430 et

108 2462 287 2512 queeniia
314 2458 439 2500 Aan.
467 2468 505 2503 1.
622 2465 817 2521 cffireiur.
876 2465 1038 2522 effirtur
1075 2461 1201 2503 Amb.
1237 2465 1277 2502 1.
1314 2462 1430 2500 Voss.
1451 2464 1489 2500 1.
1516 2463 1556 2499 3.

113 2541 204 2566 mm
232 2525 341 2567 Jens.
374 2536 414 2568 et
441 2532 640 2586 plerisque
667 2541 791 2585 vett„
829 2548 916 2574 exc,
947 2532 1049 2577 Ald.
1079 2530 1191 2573 Sich·

227 2599 266 2649 §·
300 2612 335 2639 3-
393 2619 436 2647 ut
464 2613 591 2649 navis.
647 2621 690 2650 ut
720 2627 800 2653 om.
830 2610 953 2653 Amb.
978 2618 1015 2652 1.
1044 2625 1139 2651 cum
1163 2607 1282 2650 Voss·
1307 2612 1345 2647 3.
1461 2621 1556 2655 que‘r⁷

114 2666 164 2705 lis
193 2677 261 2706 cst.
322 2684 419 2721 quac
447 2680 502 2708 est
540 2679 637 2712 dant
677 2683 796 2714 etiam
826 2679 932 2716 Flor.
965 2678 1085 2714 Amb.
1110 2684 1150 2713 Ω.
1188 2676 1313 2712 ΡαῐῙε.
1339 2677 1378 2709 1.
1411 2666 1552 2723 Camp.

114 2732 334 2789 Receptam
364 2737 574 2779 defendere
602 2742 758 2784 videtur
785 2740 907 2785 Amb.
933 2748 995 2795 1.,
1036 2743 1108 2797 qui
1134 2753 1219 2781 non
1246 2745 1505 2778 memoratur.
