1775 3091
279 248 334 289 αᾶ
365 246 527 301 Quintil.
557 245 682 286 Ῑηειίι.
718 243 774 299 V,
806 251 846 288 8.
875 248 912 298 5.
940 251 981 288 7.
1039 251 1079 289 0.
1110 247 1145 300 §.
1179 252 1319 292 1-9.
1440 248 1522 314 247

193 363 230 416 §.
263 363 302 403 4.
359 372 426 402 aut
456 377 605 400 necessa
630 383 686 391 --
712 376 803 408 csse,
861 360 970 404 Haeo
1000 362 1188 401 omittunt
1215 359 1340 402 Amb.
1360 366 1401 401 2.
1429 359 1518 400 Par.

81 435 120 470 2.
143 432 182 472 5.
211 429 322 470 Sich.
434 445 509 485 quo
539 431 579 468 in
608 429 736 469 causis
760 429 903 482 posito.
960 428 1087 470 Amb.
1120 433 1158 469 1.
1192 443 1214 468 a
1233 443 1311 469 sec.
1332 443 1386 469 m.
1417 427 1520 481 quocl

82 499 106 536 i.
136 513 172 538 c.
199 500 381 552 positum.
495 513 570 536 non
609 505 666 534 est
707 494 756 534 lis
792 493 911 549 facti.
970 495 1094 536 Amb.
1127 501 1160 535 1.
1200 513 1238 536 n.
1281 512 1312 537 c.
1351 494 1446 535 aliis
1472 493 1519 551 f.

79 563 186 604 Flor.
219 582 255 606 η.
287 581 319 603 e.
360 563 451 604 aliis
490 566 565 603 nisi
589 562 639 620 fl
697 559 820 602 Amb.
853 567 895 603 2.
933 580 969 604 n.
998 581 1029 604 e.
1060 564 1109 602 iis
1138 564 1214 602 nisi
1235 562 1272 620 f
1327 561 1446 604 Voss.
1479 567 1517 602 3.

80 633 115 670 is
144 648 218 671 non
245 630 361 687 cstf

192 700 229 751 §.
260 703 297 739 5.
353 697 552 753 perpendi.
611 696 736 738 Amb.
755 701 794 737 1.
827 696 1015 752 reprendi.
1116 698 1186 738 ἰόἰ.
1242 695 1377 738 Tul-ic.
1397 712 1516 738 asec.

77 780 140 806 m«
154 764 280 806 Amb.
301 771 340 807 2.
362 766 438 805 ubi.
523 767 658 805 messis
678 768 746 806 sit.
794 765 883 805 Hoc
905 766 1044 805 ordine
1064 768 1183 805 etiam
1200 763 1306 806 Flor.
1329 763 1451 805 Amb.
1473 771 1514 806 2.

150 844 191 872 ut
211 835 308 888 quis,
359 830 480 874 Goth.
503 843 570 872 aut
590 835 686 888 quis.
781 831 971 889 sitferro.
1010 831 1133 874 Goth.
1155 833 1356 889 sicfirro.
1394 830 1516 873 Amb.

81 907 119 941 1.
160 903 196 940 si
211 898 344 957 ferro.
429 903 496 955 qui
520 904 619 940 sine.
675 898 796 941 Amb.
824 905 858 940 1.
889 904 974 955 quis
999 904 1081 941 sine
1109 902 1179 955 (ne
1198 902 1322 953 adjec.
1342 916 1419 940 sec.
1440 897 1517 955 m.)

191 969 229 1021 §.
262 973 301 1008 6.
361 967 440 1007 Sed
459 967 660 1022 quaedam.
718 967 845 1009 Amb.
870 974 910 1008 1.
940 981 974 1008 et
993 969 1196 1024 quaedam.
1254 967 1386 1008 Turic-
1406 967 1514 1008 Flor.

77 1034 147 1074 secl
184 1046 219 1074 et
259 1036 460 1090 quaeda-m.
577 1047 798 1076 rclrorsum.
868 1035 995 1077 Amb.
1026 1042 1065 1077 1.
1106 1047 1209 1076 reiro
1245 1045 1345 1075 suni.
1411 1033 1517 1075 Flor.

77 1100 200 1143 Amb.
223 1109 264 1144 2.
294 1103 384 1144 Par.
410 1109 448 1145 1.
473 1108 512 1145 5.
534 1107 655 1144 etiam
684 1112 728 1143 ut
760 1104 895 1144 editio.
1010 1104 1127 1145 idem.
1175 1103 1307 1144 Turio.
1337 1117 1359 1141 a
1378 1117 1437 1155 pr.
1456 1116 1514 1141 m.

77 1168 185 1210 Flor.
218 1170 260 1209 id
296 1182 363 1210 est.
488 1174 612 1226 spirat
641 1183 677 1210 et
705 1174 870 1226 spirare.
926 1170 1064 1212 Turio.
1097 1186 1119 1210 a
1148 1187 1208 1224 pr.
1238 1186 1294 1210 m.
1324 1180 1454 1224 sperat
1478 1179 1516 1208 et

77 1255 250 1292 sperare.
364 1241 405 1278 in
434 1243 688 1280 contrwrium.
745 1238 882 1279 Turio.
914 1255 936 1278 a
965 1255 1024 1293 pr.
1053 1255 1109 1280 m.
1140 1241 1180 1278 in
1210 1249 1514 1285 contrat-carum,

78 1321 101 1344 a
119 1321 198 1345 sec.
218 1321 272 1345 m.
296 1305 435 1369 Camp.
461 1324 481 1345 e
500 1309 710 1348 contrario.
794 1309 940 1347 iccirco
960 1306 1261 1360 —ingreditum
1308 1304 1374 1345 Sic
1393 1307 1515 1344 etiam

76 1371 203 1412 Aan.
232 1378 270 1412 1.
328 1373 437 1414 Flor.
469 1378 543 1414 icc.
574 1377 675 1427 ingr.
706 1376 776 1429 qui
802 1385 988 1414 movetur.
1046 1374 1138 1414 Par.
1164 1380 1201 1415 1.
1222 1380 1262 1414 2.
1291 1373 1363 1413 icc.
1384 1374 1516 1424 ingre-

78 1439 185 1478 ditur
204 1443 319 1479 eiiam
340 1444 406 1496 qui
425 1458 526 1482 mov.
556 1439 678 1482 Amb.
697 1448 749 1492 2.,
776 1444 854 1481 nisi
872 1442 979 1496 quod
1009 1442 1124 1481 codd.
1147 1456 1283 1481 omnes
1306 1438 1383 1479 ido.
1403 1440 1514 1478 dant.

190 1509 226 1560 §.
259 1513 298 1549 7.
355 1525 441 1548 cum
469 1520 563 1547 esset
587 1511 635 1564 fl.
691 1507 817 1549 Amb.
846 1513 883 1549 1.
916 1525 1002 1548 cum
1032 1519 1086 1547 est
1110 1510 1164 1565 fl.
1203 1506 1306 1563 (sec.
1335 1521 1391 1547 m.
1421 1522 1514 1546 mu-

77 1577 176 1616 tavit
205 1578 295 1615 fort.
327 1591 378 1615 ex
407 1576 544 1630 esset.)
658 1593 778 1631 neque
808 1579 951 1631 utique.
1007 1575 1075 1617 Sic
1105 1579 1226 1617 etiam
1253 1575 1378 1616 Amb.
1410 1576 1447 1615 1.
1470 1580 1513 1616 2.

163 1659 234 1683 cor
260 1646 338 1698 ejus
366 1643 472 1684 vuln.
528 1643 655 1684 Amb.
690 1649 729 1683 1.
771 1659 928 1697 quoque
957 1661 1039 1683 cum
1067 1643 1174 1684 vuln.
1287 1660 1355 1682 nec
1380 1642 1515 1700 fuisse

76 1735 133 1743 —-
160 1711 258 1750 Ailz.
318 1711 384 1751 Sic
412 1715 531 1751 etiam
556 1710 682 1750 Amb.
717 1715 755 1750 1.
786 1717 826 1750 2.
856 1710 964 1750 Flor.
1005 1708 1110 1765 (uisi
1138 1711 1246 1765 quod
1261 1710 1413 1767 fuisset
1441 1725 1513 1763 pro

65 1779 181 1835 fuit)
210 1778 300 1819 Par.
331 1783 368 1818 1.
399 1784 438 1818 2.
461 1783 499 1818 5.
531 1777 633 1829 (nisi
662 1778 768 1831 quod
800 1782 840 1817 1.
868 1781 907 1818 5.
936 1781 1125 1817 omittunt
1153 1776 1268 1831 non).
1381 1776 1515 1816 vulne-

81 1858 202 1886 ratus.
261 1846 328 1886 Sic
358 1847 477 1884 etiam
506 1843 618 1884 Flor.v

189 1917 226 1966 §.
256 1918 296 1953 ὃ.
355 1909 502 1952 εῗκότα.
561 1910 686 1951 Amb.
709 1916 747 1952 1.
769 1917 809 1953 2.
833 1928 970 1953 εικοια.
1029 1910 1123 1951 Par.
1147 1916 1186 1951 1.
1209 1926 1348 1951 εικαια.
1435 1910 1513 1952 iol-

80 1982 247 2022 lendam.
308 1977 440 2020 Guelf.
480 1978 702 2019 tollendum.
814 1979 901 2019 sola
929 1996 1021 2019 non„
1074 1977 1200 2019 Aan.
1235 1983 1272 2018 1.
1309 1994 1384 2017 non
1411 1978 1512 2030 sola,

79 2051 149 2090 sed
187 2064 263 2088 non
299 2063 376 2087 sec.
419 2061 473 2085 m.
517 2049 726 2099 supplevit.
841 2047 1044 2100 adjuncta.
1098 2044 1223 2086 Amb.
1256 2051 1292 2086 1.
1328 2051 1368 2086 2.
1402 2045 1512 2085 Flor.

79 2117 170 2158 Par.
197 2122 236 2157 2.
269 2118 388 2154 etiam
416 2112 563 2164 adjuta.
629 2112 868 2166 [Spalding.
895 2123 1012 2154 notae
1044 2128 1157 2166 exeg.
1187 2129 1281 2153 suae
1308 2113 1407 2152 haec
1439 2113 1512 2152 ad-

81 2187 192 2235 jecit:
246 2180 379 2223 εῗκότα
409 2182 595 2220 discernit
625 2195 647 2219 a
679 2182 908 2235 τεκμηρίοις
935 2181 1048 2222 Plato
1077 2181 1248 2221 Phaedr.
1277 2197 1317 2234 p.
1348 2185 1444 2232 266,
1475 2196 1513 2220 e.

85 2249 147 2290 Cf.
187 2249 290 2289 Plat.
327 2247 531 2288 Phaedon.
562 2252 614 2288 92
632 2279 644 2298 ‚
674 2249 713 2287 d.
754 2246 830 2302 ἐγὼ
861 2248 904 2288 δὲ
933 2254 1017 2295 τοῖς
1046 2246 1113 2287 διὰ
1140 2250 1220 2288 τῶν
1249 2245 1412 2288 εἰκότων
1439 2245 1514 2296 τὰς

83 2315 302 2363 ἀποδείξεις
330 2313 583 2366 ποιουμένοις
611 2312 744 2368 λόγοις
773 2313 937 2363 ξύνοιδα
967 2309 1078 2356 οὖσιν
1109 2312 1317 2366 ἆλαζόσι.]

197 2384 233 2434 §.
264 2388 304 2423 9.
360 2391 515 2422 vocant.
575 2380 708 2422 Guelf.
738 2380 862 2422 Amb.
883 2389 924 2424 2.
954 2392 1126 2422 vocatur.
1181 2380 1292 2422 Alm.
1320 2393 1513 2423 vocatum.

169 2454 346 2502 σημεῖον.
410 2447 535 2487 Amb.
569 2454 607 2488 1.
645 2464 669 2488 a
696 2465 755 2502 pr«
794 2465 849 2490 m.
887 2463 1036 2503 σημον,
1085 2464 1107 2487 a
1145 2464 1222 2489 sec.
1262 2464 1318 2490 m.
1353 2461 1514 2502 σημιον.

86 2517 219 2558 Turic.
251 2532 273 2556 a
292 2531 349 2569 pr.
370 2530 427 2555 m.
457 2528 622 2568 σημοιν,
654 2532 675 2555 a
697 2532 776 2556 sec.
795 2519 926 2556 simon.
1039 2515 1195 2571 quidam
1224 2515 1340 2556 indic.
1385 2515 1515 2558 Amb.*

87 2591 127 2625 2.
161 2587 307 2624 omittit
334 2598 505 2637 quoque.
620 2583 701 2623 alia
726 2600 798 2624 res.
856 2584 964 2625 Jens.
987 2593 1025 2623 et
1043 2584 1133 2623 edd.
1156 2592 1248 2623 ante
1269 2582 1400 2635 Sich.,
1424 2599 1512 2625 exc.

88 2650 187 2691 AJd.
209 2654 336 2691 omitt.
357 2649 451 2690 alia.
536 2650 593 2690 At
613 2653 702 2706 quia
720 2667 830 2704 sang.
888 2651 994 2691 Flor.
1014 2649 1137 2691 Amb.
1160 2656 1200 2691 2.
1222 2666 1379 2705 quoque
1409 2668 1458 2691 ac
1478 2668 1514 2692 s.

90 2718 179 2760 Par.
214 2724 251 2759 1.
284 2724 322 2759 2.
360 2722 396 2760 5.
434 2728 476 2758 at
513 2734 547 2759 s.
662 2720 895 2773 respersisse.
954 2718 1088 2760 Tmic.
1117 2732 1139 2757 a
1166 2734 1226 2773 pr.
1255 2733 1312 2760 m.
1343 2735 1400 2758 res
1425 2735 1517 2774 per-
