1775 3091
166 245 248 285 334
366 237 371 240 ”
604 243 876 299 Supplementa
906 245 1172 283 annotationis

169 363 206 398 1.
234 363 275 399 2.
305 356 496 399 atellanie.
594 366 760 410 capient.
808 353 933 396 Amb.
967 359 1005 395 1.
1035 357 1156 395 etiam
1188 366 1359 410 captant.
1421 354 1609 409 [Verum

165 427 324 467 videtur
351 429 555 466 restituere
592 422 820 463 Burmanni
855 425 1077 474 conjectura
1119 439 1142 463 a
1183 423 1416 477 Spaldingio
1449 424 1607 474 adjuta:

164 494 345 534 Atellani
372 510 391 532 e
418 509 524 531 more
552 491 749 542 captant]
835 507 913 530 nec.
963 490 1102 545 Camp.
1134 509 1258 547 neque.
1356 507 1381 530 a
1409 490 1609 530 vilissimo.

165 560 291 602 Amb.
321 566 358 601 1.
390 560 497 599 Flor.
531 561 721 598 omittunt
749 574 796 609 a,
849 556 975 598 Amb.
1001 563 1037 599 1.
1071 574 1093 598 a
1123 576 1199 600 sec.
1230 575 1287 600 m.
1315 558 1525 598 vilissima.

153 629 262 686 fere.
316 627 454 679 Camp.
467 625 580 683 fore.
686 627 806 666 dixit.
855 624 922 665 Sic
953 629 1073 666 etiam
1103 627 1227 667 Amb.
1253 633 1290 667 1.
1390 628 1489 666 coci.
1542 623 1610 665 Sic

166 701 288 737 etiam
314 694 440 735 Amb.
471 698 508 733 1.
542 693 650 733 Flor.
766 693 815 732 ab
848 693 943 734 alio.
1001 693 1126 734 Amb.
1153 700 1189 735 1.
1230 694 1338 734 Flor.
1370 708 1529 749 quoque
1560 691 1610 731 αἷι

166 782 222 805 eo.
333 771 490 817 peteret.
548 760 675 801 Amb.
711 765 749 800 1.
776 771 938 815 poteret.
1067 764 1138 802 tibi
1171 762 1330 818 favebo.
1390 761 1459 801 Sic
1489 763 1612 800 etiam

164 832 287 874 Amb.
321 837 358 870 1.
391 829 499 869 Flor.
529 828 619 869 Par.
644 833 681 868 1.
704 835 743 870 2.

278 901 314 951 ᾗ.
344 898 415 938 48.
474 900 577 952 quia.
634 896 773 937 Turio.
816 912 839 936 a
866 913 926 950 pr.
957 912 1013 938 m.
1050 899 1126 952 qui.
1250 899 1416 936 omnino.
1475 893 1613 936 Guelf.

164 968 308 1008 omnia.
425 964 534 1006 belle.
586 963 654 1005 Sic
679 968 800 1004 etiam
817 963 944 1005 Amb.
966 970 1005 1005 1.
1034 965 1141 1006 Flor.
1173 980 1196 1005 a
1217 979 1295 1005 sec.
1318 979 1372 1004 m.
1387 995 1398 1016 ,
1430 978 1452 1004 a
1472 979 1533 1017 pr.
1554 977 1616 1003 m.-

164 1033 271 1075 vellc.
385 1033 564 1073 scurrile.
625 1031 764 1086 Camp.
796 1032 955 1072 scm-ilc.

275 1104 311 1155 ᾗ.
343 1103 409 1143 49.
464 1100 723 1156 praeclarum.
769 1100 906 1140 Tul-ic.
936 1100 1160 1155 preclarum.
1248 1098 1474 1156 sacrarum.
1524 1097 1614 1138 Tu-
1653 1133 1655 1135 .

164 1171 478 1229 ric.faciorum.
581 1168 732 1208 Clodio.
780 1168 887 1207 Flor.
925 1168 1096 1208 Clodius.
1193 1167 1427 1207 devertisset.
1472 1165 1612 1206 Turic-

163 1241 274 1282 Jeus,
303 1248 341 1278 et
371 1239 461 1278 edd.
494 1252 608 1276 meae
638 1246 729 1275 ante
761 1233 867 1275 Gibs.
899 1235 1129 1275 divertisset.
1254 1235 1425 1276 Clodius.
1473 1233 1611 1274 Turic-

166 1324 189 1348 a
212 1325 273 1362 pr.
293 1323 346 1346 m.
379 1306 545 1346 modius.
662 1303 766 1359 quod
794 1303 865 1342 vel.
921 1303 1059 1344 Turic-
1095 1319 1118 1343 a
1142 1304 1219 1343 sec.
1253 1319 1308 1343 m.
1338 1319 1413 1357 quo
1445 1317 1484 1341 υ.

278 1377 313 1427 §.
343 1380 410 1415 50.
498 1373 599 1412 Tulli.
658 1371 766 1412 Flor.
798 1371 928 1412 nullis.
1039 1371 1129 1426 plus
1160 1371 1264 1426 apud
1292 1388 1342 1411 se.
1395 1370 1463 1412 Sic
1496 1372 1615 1410 etiam

164 1443 271 1483 Flor.
359 1457 475 1494 neque
504 1440 660 1478 clusum.
707 1439 859 1479 Cervic.
890 1442 1011 1478 etiam
1038 1457 1156 1493 neque
1184 1438 1390 1479 inclusum.
1475 1440 1615 1491 signa-

165 1522 259 1551 tum.
309 1507 376 1549 Sic
415 1510 535 1547 etiam
562 1505 670 1545 Flor.
702 1505 791 1545 Par.
817 1510 853 1545 1.

280 1578 317 1628 §.
360 1580 427 1617 51.
499 1576 689 1626 aenigma.
748 1571 873 1612 Aan.
915 1577 952 1612 1.
995 1575 1116 1612 etiam
1155 1574 1360 1625 enigmam.
1484 1569 1611 1625 quale.

165 1646 291 1687 Amb.
324 1649 361 1684 1.
395 1657 552 1697 quoque
583 1656 693 1694 quac.
808 1642 849 1677 in
882 1640 1107 1679 Pictor-ium.
1168 1638 1286 1679 Goth.
1316 1642 1357 1678 in
1381 1638 1612 1693 plec'orinm.

167 1713 306 1765 Camp.
337 1711 635 1764 implectorinm.
681 1706 786 1746 Jens.
817 1705 938 1747 Tarv.
970 1707 1241 1760 impletorium.
1330 1718 1485 1745 mortua
1504 1718 1612 1747 esset.

166 1781 303 1821 Turio.
337 1795 359 1818 a
382 1794 441 1832 pr.
462 1793 519 1816 m.
549 1786 704 1814 mortua
732 1791 824 1813 csse.
939 1775 1198 1814 Dicebantur.
1247 1773 1385 1814 Turio.
1416 1789 1438 1813 a
1456 1789 1534 1814 sec.
1556 1789 1611 1813 m.

167 1848 381 1888 dicebatur.
479 1843 669 1902 feminac.
729 1841 868 1894 Camp.
888 1841 1083 1899 feminas,
1190 1858 1300 1882 conv.
1325 1841 1378 1881 acl
1395 1858 1492 1881 eam.
1545 1841 1613 1882 Sic

168 1919 291 1956 etiam
318 1914 426 1954 Flor.
529 1912 629 1951 bona
659 1913 751 1964 ejus,
804 1909 871 1950 Sic
902 1914 1022 1950 etiam
1050 1910 1158 1950 Flor.
1262 1911 1456 1950 venibant.
1487 1906 1614 1950 Amb.

170 1991 206 2025 1.
237 1987 357 2023 etiam
385 1983 593 2020 venierant.
649 1978 758 2020 Flor.
788 1978 1002 2017 veniebant.
1118 1978 1258 2019 dictus.
1305 1976 1427 2018 Amb.
1451 1983 1487 2018 1.
1511 1992 1614 2033 quo-

168 2067 244 2106 que
275 2051 435 2090 (lictum.

281 2119 318 2171 ξ.
351 2122 417 2159 52.
476 2114 714 2170 metalepsin.
773 2113 910 2154 Turio.
941 2115 981 2153 in
1009 2130 1068 2153 me
1097 2113 1212 2153 talem
1241 2115 1316 2153 sin.
1377 2110 1499 2153 Goth.
1531 2129 1614 2151 me-

169 2186 400 2241 ralempsim.
461 2183 600 2240 Camp.
629 2181 853 2223 metalesim.
975 2182 1116 2221 eadem.
1169 2181 1236 2222 Sic
1269 2183 1390 2221 etiam
1418 2179 1544 2220 Amb.
1572 2185 1611 2221 1.

169 2255 278 2295 Flor.
310 2254 420 2295 Sich.
530 2251 717 2303 Augusti.
773 2249 900 2290 Amb.
930 2256 967 2290 1.
997 2251 1105 2290 Flor.
1137 2265 1296 2304 quoque
1325 2259 1525 2301 angustae.

172 2322 376 2362 dabantur.
415 2318 540 2360 Ajnb.
562 2324 600 2359 1.
629 2318 737 2358 Flor.
766 2317 922 2357 dabant.
1007 2318 1235 2357 heminaria.
1283 2315 1408 2357 ΑΒΗ).
1434 2320 1472 2355 1.
1501 2314 1611 2355 Flor.

172 2394 292 2430 etiam
322 2390 590 2428 heminariam.
639 2386 777 2439 Camp.
808 2388 1048 2426 emittar-iam.
1143 2402 1256 2438 cong.
1290 2400 1495 2424 commune.
1543 2382 1612 2423 Sio

173 2461 293 2496 etiam
315 2456 439 2497 Amb.
466 2461 501 2495 1.
533 2454 641 2494 Flor.
670 2453 758 2494 Par.
785 2458 822 2494 1.
935 2470 1147 2493 mensurae.
1198 2452 1326 2493 Amb.
1351 2457 1387 2492 1.
1417 2466 1611 2490 mensura.

258 2542 319 2564 ea.
374 2523 441 2565 Sic
472 2526 592 2562 etiam
630 2521 757 2562 Aan.
791 2527 830 2561 1.
869 2521 977 2562 Flor.
1008 2521 1097 2562 Par.
1128 2526 1166 2562 1.
1281 2523 1322 2560 in
1349 2521 1609 2559 minutionem.

175 2590 242 2632 Sic
271 2595 394 2632 etiam
421 2591 510 2632 Par.
535 2595 572 2631 1.
622 2592 663 2629 in
690 2592 897 2629 minutione
923 2588 1049 2629 Amb.
1075 2594 1113 2629 1.
1144 2588 1251 2629 Flor.

286 2660 319 2711 §.
350 2664 412 2700 53.
471 2670 507 2699 et
537 2669 631 2698 tam.
679 2657 746 2699 Sic
776 2660 895 2697 etiam
921 2656 1029 2697 Flor.
1059 2655 1150 2696 Par.
1174 2661 1210 2697 1.
1232 2661 1273 2698 2.
1329 2652 1390 2695 At
1417 2651 1543 2693 Amb.
1569 2654 1608 2691 1.

177 2724 270 2768 haec
291 2736 385 2768 iam.
470 2726 645 2780 adjectis.
684 2725 792 2768 Flor.
814 2739 975 2781 quoque
995 2723 1150 2778 adjecit.
1237 2726 1333 2779 quia
1348 2724 1396 2762 is.
1424 2717 1551 2762 Amb.
1567 2722 1606 2760 1.
