1775 3091
108 224 159 267 54
333 209 341 217 ⁶
372 212 395 217 ¹⁷
541 223 807 280 Supplcmenta
848 227 1105 281 qnnomtionis

111 338 207 393 quln
235 338 436 379 verissima
470 340 520 379 sit
556 339 739 379 codicum
768 334 844 392 (ne
875 339 923 378 de
952 337 1077 379 Amb.
1103 343 1141 378 1.
1173 337 1250 379 hoc
1273 339 1361 379 loco
1386 337 1542 392 dicam)

112 405 248 448 Turio.
277 405 385 447 Flor.
413 404 533 447 BodJ.
561 405 675 446 Alm.
704 408 915 459 scriptura:
955 417 989 446 ct
1019 405 1338 447 clarissimos
1366 417 1401 445 et
1431 421 1545 446 con-

114 473 248 513 sulas
284 476 482 527 geminata
520 473 650 513 eadem
688 473 818 512 littera
857 473 1030 527 legimus.
1087 472 1152 514 De
1192 472 1413 514 Consulum
1450 482 1546 514 nota

117 542 218 580 dixit
247 539 498 594 Spaldingius
528 549 566 580 et
590 543 709 593 vulgo
735 549 876 580 notum
906 551 962 582 est
1000 541 1268 597 (quamquam
1309 540 1416 581 Coss.
1439 542 1547 596 quod

116 604 302 647 Valerius
325 607 475 648 Probus
513 623 553 661 p.
584 612 688 649 1503
718 607 879 650 Putsch.
911 609 1052 661 habet,
1103 612 1147 648 in
1176 625 1336 663 corpore
1364 608 1548 663 Inscript-

119 672 353 715 Gruteriano
383 689 465 715 non
493 677 680 728 invenio,
718 675 788 715 sed
818 687 885 717 aut
918 676 1006 718 Cos,
1037 685 1104 716 aut
1137 675 1236 718 Cos.
1282 686 1349 717 aut
1381 677 1547 731 Conss.)‚

117 742 188 782 sed
216 744 335 780 etiam
361 758 496 782 eorum
523 752 753 796 perpetuam
782 748 1088 798 appellationem
1127 743 1433 790 clarissimorum
1472 744 1549 799 (of.

118 808 493 849 Drakenborchimn
532 810 583 849 ad
619 813 783 851 Livium
810 810 1034 863 XXXIV,
1066 811 1119 865 5)
1157 827 1241 850 non
1279 815 1396 866 plene
1433 815 1552 853 scribi

118 879 275 916 solitam
303 879 445 927 fuisse,
487 887 525 918 et
551 880 822 930 inscriptiones
851 879 996 918 docent
1024 887 1063 918 et
1091 886 1240 918 veteres
1262 889 1447 918 notarum
1465 883 1552 920 col-

120 947 297 983 lectores.
353 940 402 982 In
430 947 507 984 illis
538 944 582 986 C.
614 948 680 985 vel
709 943 793 985 CL.
825 944 1082 985 clarissimum
1111 947 1243 985 virum
1269 949 1484 999 significat,
1514 956 1555 987 et

120 1001 165 1049 in
186 1024 352 1050 numero
371 1013 517 1065 plurali
545 1011 650 1053 CC.:
682 1013 828 1053 horum
847 1012 1032 1053 Valerius
1052 1011 1204 1053 Probus
1234 1014 1340 1067 apud
1370 1012 1553 1055 Gothofr.

121 1092 162 1132 pr.
196 1077 324 1126 1456,
375 1080 480 1132 apud
516 1079 678 1120 Putsch.
716 1095 757 1132 p.
797 1085 903 1121 1503
945 1080 991 1121 C.
1030 1083 1085 1120 V·
1130 1079 1388 1120 clarissimum
1415 1083 1555 1131 virum,

123 1143 261 1184 Petrus
291 1143 491 1186 Diaconus
522 1144 705 1187 Gothofr.
739 1151 859 1199 1505,
897 1148 1059 1188 Putsch.
1093 1152 1197 1188 1501
1232 1146 1347 1188 CLS.
1380 1147 1557 1187 clarissi-

124 1228 228 1250 mum
255 1214 471 1265 significare
499 1215 756 1256 tradiderunt.
814 1215 901 1255 Hoc
920 1218 1050 1268 ipsum
1071 1212 1369 1266 Quintilianum
1386 1217 1556 1255 voluisse

127 1278 231 1318 mihi
257 1282 495 1333 persuadeo,
536 1292 602 1332 ut,
644 1282 751 1338 quod
785 1281 892 1322 Coss.
922 1280 1014 1335 (vel
1046 1281 1204 1335 Gonss.)
1239 1281 1336 1322 Clss.
1365 1285 1557 1322 scribere-

128 1353 214 1395 tur,
253 1352 579 1399 pronunciaretur
611 1349 828 1391 Clarissimi
853 1347 1068 1401 Consules]
1183 1348 1350 1390 Subura.
1408 1349 1559 1389 Subur-

131 1411 235 1452 bana
259 1411 386 1456 Aan.
408 1421 429 1456 1
463 1431 485 1457 a
513 1432 591 1459 sec.
620 1431 677 1458 m.

243 1481 276 1534 ᾧ.
307 1486 377 1523 31.
434 1494 488 1523 est
517 1501 575 1525 us.
614 1482 750 1525 Turio.
779 1483 888 1525 Flor.
921 1481 1054 1524 Guelf.
1086 1482 1225 1539 Camp.
1254 1483 1363 1525 Jens.
1400 1491 1440 1524 et
1467 1484 1560 1526 edd.

131 1552 233 1599 post.
262 1558 353 1589 ante
383 1548 538 1606 Gryph.
569 1551 670 1593 Obr.
699 1555 789 1592 fort.
817 1550 942 1591 Amb.
965 1555 1003 1591 1.

245 1618 282 1667 §.
313 1621 380 1658 33.
434 1617 566 1660 Redit.
624 1619 734 1659 Sedit
761 1618 898 1660 Turio.
927 1617 1053 1658 Amb.
1077 1622 1115 1659 1.
1140 1616 1261 1660 Tarv.
1282 1621 1389 1660 Ven.
1446 1620 1561 1661 Sedet

136 1674 238 1721 Obr.
266 1681 382 1724 Alm.
410 1682 509 1726 Tur.
533 1701 554 1726 a
573 1702 650 1727 sec.
669 1701 724 1728 m.
785 1686 878 1741 [Cf.
907 1687 1030 1740 praef.
1060 1683 1198 1726 V01.I
1227 1702 1266 1739 p.
1288 1684 1562 1740 LXXVIH.]

221 1753 419 1802 agentibus
448 1757 566 1793 etiam
593 1753 729 1795 Turio.
758 1753 865 1793 Flor.
897 1752 1036 1805 Camp.
1066 1755 1239 1793 vel-isim.
1269 1752 1393 1794 Amb.
1422 1759 1459 1795 1.

133 1819 390 1866 grammatice
415 1817 551 1862 Turio.
580 1819 704 1862 Amb.
733 1826 770 1862 1.
793 1826 833 1862 2.
862 1819 970 1860 Flor.
1001 1832 1023 1858 a
1052 1834 1112 1873 pr.
1141 1835 1197 1860 m.
1229 1818 1351 1861 Goth.
1381 1820 1499 1862 Voss.
1523 1827 1562 1864 1.

141 1883 182 1921 2.
206 1886 245 1923 3.
277 1881 416 1941 Camp.
1474 1918 1477 1923 .

252 1954 288 2004 §.
320 1953 388 1995 34.
445 1965 499 1995 est
526 1955 593 1997 M.
626 1955 735 1997 Tull.
791 1965 844 1996 cst
873 1970 952 1996 om.
983 1949 1085 1996 Obr.
1117 1952 1195 2008 (ex
1221 1950 1390 2008 Argent.
1419 1958 1464 1996 ni
1486 1959 1566 1999 fal-

141 2015 227 2070 lor)
268 2016 382 2061 Abn.
419 2019 555 2064 Turio.
595 2021 757 2076 Camp.,
804 2025 874 2063 sed
914 2022 1038 2062 Amb.
1073 2027 1110 2062 1.
1155 2025 1311 2063 retinet.
1376 2023 1444 2065 M.
1483 2039 1565 2067 om.

142 2080 266 2125 Amb.
300 2092 338 2127 1.
378 2101 401 2128 a
438 2104 497 2142 pr.
535 2104 591 2131 m.
718 2092 759 2130 in
781 2093 924 2130 omitt.
965 2092 1083 2128 etiam
1121 2086 1231 2129 Sich.
1279 2087 1414 2130 Turio.
1454 2089 1564 2131 Flor.

144 2147 269 2193 Amb.
297 2160 360 2207 2.3
407 2158 476 2197 sed
501 2155 625 2197 Aan.
659 2162 696 2197 1.
727 2158 860 2198 habet.
973 2172 1088 2210 usque
1115 2171 1260 2210 quaque
1288 2159 1414 2197 omitt.
1446 2159 1566 2198 etiam

147 2214 284 2260 Turio.
313 2221 420 2264 Flor.
452 2225 575 2265 Goth.
606 2223 730 2265 Amb.
750 2231 790 2265 2.
827 2223 916 2265 Par.
940 2228 979 2264 2.
1008 2226 1046 2262 6.
1077 2219 1238 2276 Camp.;
1278 2225 1448 2264 retinent
1473 2224 1564 2277 Par.

152 2288 190 2325 1.
229 2289 319 2330 fort.
347 2288 472 2331 Amb.
494 2295 532 2332 1.
646 2301 812 2332 exactor·
834 2301 887 2331 est
915 2289 1051 2331 Turio.
1082 2304 1104 2328 a
1131 2304 1208 2330 sec.
1238 2304 1293 2330 m.
1325 2290 1455 2344 (prius
1484 2298 1568 2332 erat

150 2366 357 2409 exactore,
396 2367 441 2399 ut
467 2361 510 2397 in
537 2357 678 2413 Ahn.)
706 2357 844 2411 Camp.
955 2356 1048 2396 editi
1074 2356 1178 2413 freg-
1208 2357 1315 2398 Flor.
1344 2360 1462 2399 male.

261 2429 296 2473 ὓ.
327 2428 393 2467 35.
450 2425 496 2465 cle
523 2428 650 2468 omitt.
690 2427 806 2466 etiam
842 2422 979 2466 Turio.
1017 2423 1124 2465 Flor.
1153 2423 1277 2466 Amb.
1299 2430 1335 2466 1.
1356 2431 1396 2467 2.
1427 2424 1566 2480 camp.

155 2485 264 2530 Sich.
296 2491 449 2549 Gryph.

680 2560 713 2603 C
743 2575 767 2601 Α
797 2576 836 2600 1².
894 2557 1037 2600 VIII.

266 2625 298 2676 ᾗ.
331 2632 369 2667 1.
427 2645 533 2669 conc.
564 2628 634 2669 cel.
664 2626 783 2669 Goth.
814 2641 904 2667 cum
932 2626 1022 2666 edd.
1043 2634 1135 2666 vett.
1158 2629 1274 2667 male·
1333 2624 1454 2680 [quid
1471 2640 1565 2678 quo-

157 2704 225 2747 ‘We
257 2693 389 2746 flexu.
455 2696 590 2738 Haesit
631 2700 676 2737 in
721 2697 783 2737 his
822 2697 949 2738 verbis
987 2693 1237 2748 Spaldingius
1254 2724 1265 2745 ‚
1316 2696 1398 2734 sine
1435 2705 1564 2742 causa,
