1775 3091
248 259 326 294 120
683 251 953 307 Supplementa
982 254 1240 294 annotationis

249 365 387 420 Camp.
426 365 537 407 Sich.
578 364 732 415 Calin„
781 373 820 404 et
858 374 902 405 ut
940 365 1120 417 videtur,
1163 368 1209 406 in
1234 367 1348 408 codd.
1378 369 1520 408 nostris
1545 372 1676 409 omni-

246 438 343 487 bus3
383 437 577 474 omittitur
605 447 628 471 a
656 430 780 471 Paris.
805 436 841 471 1.
862 438 901 473 2.

360 503 397 552 §,
429 507 466 541 3,
529 498 575 537 V
573 515 676 537 erum
702 498 810 538 haec.
870 498 923 539 V.
955 511 990 539 et
1019 500 1113 540 haec
1144 497 1285 555 Camp.
1400 501 1510 542 Huic
1531 517 1678 556 quoque

246 571 367 622 igitur
394 568 484 606 trib.
518 565 655 618 Camp.
714 564 774 606 H.
806 582 896 619 ergo
926 568 1015 607 trib.
1132 569 1221 609 trib.
1254 579 1310 607 est
1338 585 1418 609 nec.
1477 567 1677 622 Receptus

247 637 342 677 ordo
369 639 448 686 jam
479 642 535 672 est
564 632 670 685 apud
699 631 811 673 Sioh.
966 672 968 674 .

356 706 390 754 ς.
421 703 461 741 4.
521 710 610 738 tres.
661 702 733 738 tris
764 699 896 740 Turio.
927 700 1032 742 Flor.
1066 700 1188 743 Goth.
1214 711 1254 742 et
1271 705 1421 746 multae
1439 703 1528 742 edd.
1554 711 1674 754 vett.;

242 773 378 823 itaque
417 782 571 820 semper
609 767 705 806 fere.
819 784 897 807 esse
931 779 1078 822 partes.
1134 780 1240 824 part.
1285 786 1363 808 esse
1403 767 1563 824 Guelf.‚
1611 770 1673 809 ed.

242 839 368 876 nqua.
464 836 568 887 quia.
617 832 743 874 Amb.
771 839 807 873 1.
839 838 1034 888 quoniam.
1132 852 1307 889 quarum.
1359 852 1519 890 quorum
1540 834 1674 877 Guelf.

238 903 364 944 Amb·
386 907 426 943 2.
454 901 572 942 Voss.
596 906 634 942 1.
751 900 969 941 crediderit.
1030 901 1237 941 tradiderit
1267 903 1390 942 edidit
1412 906 1531 942 etiam
1548 901 1645 943 ΑΜ.

352 971 389 1021 §.
421 974 459 1010 5.
513 969 720 1022 judicavit.
772 967 967 1023 judicabit
998 967 1120 1009 Amb.
1153 973 1191 1008 1.
1305 985 1423 1023 neque
1450 973 1564 1009 enim.
1613 967 1676 1010 Ita

237 1038 373 1079 Turio.
402 1036 508 1076 Flor.
539 1035 664 1076 Amb.
689 1034 898 1093 1.'Camp.
1014 1035 1175 1076 dicitur.
1235 1034 1372 1079 Turio.
1399 1051 1422 1076 a
1445 1052 1505 1090 pr.
1527 1052 1581 1078 m.
1610 1037 1676 1076 de:-

238 1116 362 1158 ami„
457 1120 533 1143 non
560 1106 716 1143 vitasse.
773 1119 848 1142 non
876 1105 1060 1141 invitasse
1085 1101 1210 1143 Amb.
1235 1110 1274 1144 2.

350 1173 385 1224 §.
417 1176 455 1212 6.
514 1170 568 1209 Et
601 1169 686 1210 Cic.
740 1168 880 1222 Camp.
907 1169 972 1208 -Ut
995 1169 1074 1209 Cic.
1189 1170 1360 1222 subjecit.
1411 1169 1549 1224 Camp.
1583 1171 1675 1210 sub-

231 1242 334 1294 jicit.
450 1238 572 1276 tribus
603 1239 756 1291 primis,
820 1254 883 1290 pr.
926 1247 975 1277 tr.
1016 1236 1136 1278 Goth.
1183 1235 1315 1277 Guelf.
1357 1253 1449 1276 oum
1485 1238 1592 1278 Jens.
1635 1248 1674 1278 et

234 1316 337 1361 post.
388 1314 479 1345 ante
520 1302 675 1357 Gryph.
793 1306 1047 1357 permixtum.
1116 1303 1215 1348 Obr.
1264 1307 1541 1353 commixtum,
1589 1320 1673 1344 non

237 1375 365 1414 addic.
397 1371 523 1412 Amb.
557 1376 593 1411 1.
707 1386 776 1410 nec
803 1395 859 1401 —
888 1386 955 1410 nec
984 1370 1107 1411 Goth.
1140 1386 1230 1410 cum
1258 1370 1366 1411 Jens.
1398 1380 1437 1410 et
1456 1380 1556 1424 post.
1579 1381 1672 1411 ante

235 1441 347 1482 Sich.
463 1454 518 1476 ex
542 1454 584 1477 co
610 1440 791 1477 mutuari.
851 1438 899 1476 ab
930 1454 972 1477 eo
991 1455 1041 1478 m.
1072 1436 1193 1478 Paris.
1218 1443 1254 1477 1.
1275 1444 1314 1478 2.
1345 1436 1467 1478 Goth.
1490 1438 1607 1478 Voss.
1627 1444 1668 1479 2.

235 1523 329 1548 cum
357 1505 464 1546 Jeus.
496 1514 534 1544 et
570 1513 671 1557 post.
705 1512 796 1543 ante
835 1503 1048 1544 Stoerium.
1160 1515 1303 1558 putem.
1359 1516 1515 1559 putetur
1543 1505 1670 1557 Obr.,

232 1577 373 1626 refrag.
404 1571 529 1612 Amb.
555 1577 592 1611 1.

347 1643 383 1690 §.
414 1644 454 1680 7.
517 1636 631 1690 Quod
659 1637 745 1676 hoc.
810 1637 893 1690 Quo
923 1637 959 1677 Ῑι.
992 1636 1118 1678 Amb.
1151 1642 1188 1677 1.
1218 1652 1240 1676 a
1268 1653 1344 1678 sec.
1370 1653 1425 1679 m.
1539 1641 1580 1678 in
1608 1641 1670 1679 in-

232 1709 457 1747 ventionem.
508 1708 548 1744 in
579 1720 657 1744 0111.
688 1702 821 1744 Guelf.
856 1703 995 1757 Camp.
1026 1704 1134 1744 Jens.
1167 1713 1205 1744 et
1237 1715 1335 1758 post.
1368 1714 1458 1745 ante
1478 1703 1581 1746 Bad.

231 1777 491 1829 quintamque.
541 1788 580 1826 q.
613 1787 762 1825 quoque
791 1771 887 1810 dant
916 1774 1036 1810 etiam
1063 1770 1171 1811 Flor.
1203 1771 1291 1811 Par.
1316 1777 1352 1812 1.
1375 1778 1414 1813 2.
1437 1776 1475 1813 5.
1500 1771 1666 1826 Camp.;

229 1844 276 1881 in
313 1840 439 1881 Amb.
478 1843 515 1878 1.
554 1839 711 1879 videtur
750 1853 830 1876 esse
871 1846 1040 1889 recepta.
1154 1837 1264 1877 Idem
1301 1841 1352 1878 in.
1404 1838 1466 1877 Id.
1509 1855 1594 1878 cum
1626 1842 1667 1878 in

229 1910 355 1949 habet
391 1910 510 1946 etiam
547 1902 689 1958 Camp.
730 1914 768 1944 et
807 1903 1033 1945 Turicensis
1076 1919 1098 1944 a
1136 1921 1212 1946 sec.
1242 1921 1378 1945 manu.
1493 1909 1664 1960 scriptis.

227 1977 391 2029 scripsit
417 1973 523 2014 Flor.
557 1972 696 2025 Camp.

341 2043 376 2094 §.
408 2047 447 2081 8.
493 2040 627 2097 ficisset
650 2054 727 2079 0111.
751 2037 890 2090 Camp.
1004 2037 1126 2079 aliud.
1181 2038 1319 2092 Camp.
1343 2038 1440 2078 alia.
1552 2039 1665 2079 oreli-

222 2124 286 2149 ηε.
332 2110 374 2147 in
401 2107 573 2147 ordinem
602 2110 722 2146 etiam
754 2104 891 2145 Turio.
923 2119 946 2144 a
974 2120 1050 2144 sec.
1081 2121 1136 2145 111.
1167 2105 1290 2146 Paris.
1312 2111 1350 2146 2.
1382 2105 1518 2157 Camp.
1549 2104 1661 2144 Sich.

313 2176 469 2229 optimo.
517 2177 663 2228 optima
691 2181 843 2226 praeter
871 2181 1109 2211 memoratos
1135 2172 1273 2212 Turio.
1305 2188 1327 2211 a
1348 2188 1425 2211 sec.
1448 2186 1504 2210 m.
1533 2169 1660 2223 Amb.

230 2248 268 2282 1.
307 2257 330 2281 a
366 2257 443 2282 sec.
480 2256 537 2280 m.
577 2240 703 2280 Paris.
732 2246 768 2280 2.
813 2237 951 2291 Camp.
995 2237 1107 2278 Sich.
1139 2237 1272 2279 Coliu.
1329 2241 1504 2291 Recepta
1534 2241 1662 2277 estin

225 2308 349 2349 Paris.
382 2313 419 2348 1.
456 2312 496 2350 5.
611 2324 660 2347 αο
690 2306 840 2346 verbor.
900 2317 934 2344 et
965 2306 1067 2345 verb.
1109 2304 1245 2345 Turio.
1285 2303 1410 2344 Amb.
1445 2310 1482 2345 1.
1526 2302 1659 2345 Guelf.

228 2375 368 2429 Camp.
483 2377 682 2415 memoria.
731 2374 935 2412 memoriae
964 2375 1086 2412 etiam
1108 2371 1234 2412 Aan.
1256 2378 1295 2412 2.
1329 2371 1469 2424 Camp.
1586 2388 1659 2410 ac-

226 2443 351 2483 cedat.
401 2441 535 2483 Guelf.
568 2439 711 2489 Goth„
750 2442 847 2489 soli,
885 2442 962 2479 nisi
991 2441 1101 2494 quod
1126 2442 1170 2477 in
1199 2438 1313 2478 Voss.
1341 2445 1378 2478 1.
1411 2447 1468 2478 est
1496 2437 1654 2477 accidit.

230 2517 235 2522 “
307 2521 397 2550 tres.
454 2511 528 2547 tris
566 2508 702 2549 Turio.
741 2506 852 2546 Flor.
886 2505 1008 2547 Goth.
1039 2507 1173 2557 Jens.‚
1225 2515 1271 2545 ut
1298 2521 1428 2559 supra.
1542 2515 1653 2545 ceter.

222 2586 326 2628 part.
379 2585 487 2629 part.
519 2586 589 2615 cet.
621 2573 743 2616 Goth.
775 2588 867 2614 cum
894 2572 1001 2613 Jens.
1036 2583 1076 2613 et
1105 2581 1203 2626 post.
1237 2582 1327 2612 ante
1358 2572 1485 2612 Stoer.

337 2643 373 2690 §.
407 2648 446 2683 9.
503 2642 640 2682 elocut.
672 2652 770 2681 sunt.
820 2650 910 2679 sunt
930 2639 1023 2679 eloc.
1055 2638 1190 2679 Turio.
1221 2638 1327 2678 Flor.
1355 2636 1487 2678 Guelf.
1511 2634 1649 2690 Camp.

306 2707 472 2760 subjicit.
530 2706 644 2748 Idem
683 2708 838 2749 videtur
879 2721 960 2746 esse
998 2708 1042 2745 in
1078 2708 1218 2746 nostris
1258 2707 1461 2757 omnibus3
1512 2712 1568 2743 est
1608 2706 1652 2744 iu
