1775 3091
256 221 309 261 ...z
335 219 501 274 Quintil.
525 219 658 260 Iusta.
686 217 767 272 VI,
797 223 836 260 3.
865 220 901 271 ς.
926 220 1178 258 103-1-12.
1239 217 1278 256 4.
1305 217 1339 269 ς.
1364 224 1401 255 1.
1489 216 1570 259 545

245 338 281 391 ᾗ.
313 341 407 376 109.
468 333 745 375 contumeliosi.
794 332 932 376 Turio.
963 346 986 371 a
1014 345 1074 384 pr.
1100 346 1158 371 m.
1186 328 1487 371 contumeliosis.

134 405 332 459 Pompcjo.
383 402 522 457 Camp.
546 402 728 456 Pompeo.
814 402 985 454 scripsit.
1028 398 1192 440 Omittit
1212 396 1336 439 Goth.
1422 415 1575 454 sequar.

132 473 239 515 Flor.
256 489 480 528 persequar.
593 466 970 524 ἀποφθεγματικὸν.
1023 466 1149 507 Amb.
1174 472 1212 507 1.
1239 469 1361 506 eiiam
1381 470 1579 522 αποφθη-

133 557 317 597 μᾳτικον.
428 550 462 578 ct
485 549 540 577 cst
558 563 615 569 —
634 536 757 576 dixit.
806 534 931 576 Amb.
956 542 994 576 1.
1021 534 1130 575 Flor.
1160 537 1280 574 etiam
1310 552 1342 574 e.
1363 552 1392 575 e.
1411 537 1468 574 ita
1493 552 1580 575 cum

133 609 300 661 dixerit.
398 606 542 660 Zchuc.
585 604 710 644 Aan.
736 608 772 643 1.
796 620 877 644 nco.
973 620 1090 658 neque
1108 606 1212 643 imm.
1259 600 1384 643 Δῃὼ.
1407 609 1444 643 1.
1473 602 1581 644 Flor.

137 680 256 715 eiiam
279 692 347 714 nec
370 676 396 714 i.
489 672 618 713 accid.
641 676 727 713 viro
743 672 861 730 forti.
912 670 1022 712 Flor.
1047 670 1141 726 v.f.
1164 688 1201 710 a..
1298 687 1422 725 posse.
1472 671 1581 712 Flor.
1602 676 1606 683 '

137 747 258 782 etiam
273 745 412 797 possit.
498 741 747 781 urbanitatis.
794 739 904 780 Flor.
927 739 1143 781 urbanitas.
1242 741 1456 794 accipiam.
1495 740 1585 781 Tu-

138 814 208 850 rio.
230 826 252 850 a
271 826 348 850 sec.
369 826 426 850 m.
460 811 642 864 accipiat.

252 901 287 954 §.
322 904 417 941 110.
475 899 653 954 singulis.
700 898 808 939 Flos.
832 915 856 939 a
875 914 953 939 sec.
975 913 1032 938 m.
1056 899 1104 937 si.
1189 898 1334 952 potius.
1383 895 1492 937 Flor.
1513 913 1589 951 po-

143 971 206 1009 tis.
311 969 463 1008 urbana
493 986 584 1009 csse.
636 966 745 1008 Flor.
769 971 892 1007 etiam
912 967 1004 1006 urbe
1024 968 1176 1006 exer-io.
1225 965 1315 1005 Par.
1346 970 1384 1004 1.
1416 964 1509 1004 urbe
1533 980 1589 1004 ex

143 1039 257 1077 serio.
373 1054 444 1090 qno
466 1036 579 1077 ridic.
625 1035 692 1076 Sic
711 1039 831 1075 etiam
850 1034 960 1076 Flor.
1019 1051 1116 1090 quae
1144 1051 1177 1074 r.
1225 1033 1313 1073 Par.
1339 1037 1376 1072 1.
1395 1038 1435 1073 2.
1551 1044 1591 1071 ut

146 1104 192 1142 de
211 1105 312 1144 Poll.
365 1104 473 1145 flor.
497 1121 658 1160 quoque
679 1107 826 1144 omittit
847 1115 903 1144 ut.
991 1102 1150 1142 Asinio.
1191 1100 1330 1154 Camp.
1351 1101 1506 1141 Asinie.

145 1175 256 1211 scriis
291 1176 477 1228 jocisque.
538 1172 674 1212 Turio.
706 1189 812 1211 serus
841 1172 939 1212 locis
967 1188 1075 1226 quae.
1135 1170 1246 1210 Jens.
1277 1186 1384 1208 serus
1411 1169 1592 1224 locisque.

147 1239 286 1294 Camp.
311 1244 422 1280 seriis
441 1243 542 1294 jocis
563 1258 671 1295 quac.
785 1257 883 1281 eum.
929 1239 1066 1280 Turio.
1090 1237 1199 1279 Flor.
1221 1255 1319 1278 cum.

263 1332 296 1382 §.
331 1336 423 1371 111.
484 1331 670 1386 Pompeji.
703 1328 826 1371 Goth.
848 1331 1020 1385 Pompei.
1117 1339 1185 1369 aut
1203 1327 1296 1368 alio.
1336 1327 1472 1369 TurIc.
1494 1344 1516 1368 a
1535 1345 1595 1382 pr.

149 1414 202 1438 m.
230 1410 270 1447 ut
302 1398 393 1439 alio.
509 1416 584 1439 non
616 1399 664 1438 ab
696 1401 795 1454 ipso.
847 1397 956 1439 Flor.
987 1401 1110 1437 etiam
1138 1414 1230 1436 nam
1256 1413 1294 1435 a.
1314 1398 1342 1436 i.
1454 1408 1599 1452 posset.

151 1464 284 1506 Guelf.
313 1469 450 1521 possit.

266 1557 302 1607 §.
334 1562 428 1598 112.
488 1556 635 1597 Etiam.
687 1555 822 1598 Guelf.
859 1567 908 1596 et.
1022 1554 1138 1610 quod.
1191 1546 1362 1596 Omittit'
1393 1552 1515 1595 Goth.

158 1620 356 1664 Cerelliae.
397 1625 464 1665 Sic
486 1629 606 1665 etiam
622 1623 748 1664 Aan.
773 1630 812 1664 1.
903 1624 1098 1664 Caesaris.
1141 1620 1276 1662 Guelf.
1301 1620 1522 1662 Cacsar-ins.

157 1703 223 1730 aut
246 1710 308 1732 an.
365 1693 501 1732 Turio.
536 1708 559 1731 a
586 1709 646 1745 pr.
675 1707 731 1733 m.
758 1690 868 1731 Flor.
904 1691 1044 1744 Camp.
1073 1701 1199 1729 autem
1228 1706 1266 1729 α.
1387 1688 1602 1732 Ciceronis.

159 1758 294 1798 Turio.
319 1777 341 1799 a
359 1777 418 1813 pr.
439 1776 495 1799 m.
530 1759 728 1800 Ciceroni.
759 1780 762 1783 ·
840 1759 1080 1798 stomachus.
1129 1755 1237 1796 Flor.
1261 1772 1283 1795 a
1300 1772 1355 1809 pr.
1376 1773 1429 1796 m.
1457 1769 1606 1798 stoma-

162 1826 250 1866 cho.
357 1827 473 1866 Haec
497 1844 608 1881 quae.
654 1827 791 1867 Turio.
816 1843 837 1865 a
857 1843 916 1880 pr.
940 1843 994 1865 m.
1017 1826 1194 1879 haecque.
1301 1824 1605 1867 dissimulanda.

160 1893 297 1934 Turio.
316 1910 337 1933 a
358 1911 415 1948 pr.
441 1912 493 1935 111.
519 1895 860 1934 dissimulandam.
949 1894 1096 1948 decepi.
1144 1892 1254 1934 Flor.
1278 1908 1438 1948 quoque
1463 1894 1607 1950 decipi.

246 1972 281 2000 et
301 1961 467 2004 ‹Iti-ensa.
518 1962 585 2003 Sic
609 1966 727 2002 etiam
745 1962 866 2002 Amb.
894 1968 930 2002 1.
953 1961 1058 2002 Flor.

736 2175 767 2216 C
799 2190 832 2215 Α
857 2193 894 2217 1¹.
953 2174 1040 2217 IV.

280 2306 316 2354 §.
352 2308 390 2342 1.
445 2311 640 2355 poterant.
700 2299 822 2341 Amb.
856 2306 892 2341 1.
929 2300 1066 2340 Turio.
1100 2316 1121 2339 a
1156 2316 1216 2353 pr.
1252 2316 1307 2339 m.
1339 2311 1529 2354 poteram.

170 2387 267 2423 quae
296 2370 359 2410 ad.
407 2369 543 2408 Turio.
575 2368 628 2407 ad
659 2385 774 2423 quae,
815 2384 837 2407 a
858 2385 935 2408 sec.
956 2384 1009 2408 m.
1039 2367 1092 2407 ad
1123 2379 1268 2407 tantum
1290 2385 1402 2422 qnae.
1510 2386 1613 2409 nam.

171 2437 307 2477 Turio.
331 2454 418 2478 non.
508 2438 738 2475 inventione.
779 2435 913 2492 Gttelf.
936 2440 1166 2476 invectione.
1256 2453 1371 2490 neque
1391 2436 1479 2475 hab.
1508 2435 1618 2478 Flor.

172 2522 241 2544 nec
259 2506 296 2545 Ῐι.
403 2504 607 2544 desideret.
661 2503 771 2544 Flor.
791 2520 952 2559 quoque
975 2504 1168 2543 resideret.
1280 2508 1459 2557 quinque.
1505 2502 1615 2544 Flor.

175 2577 296 2612 etiam
338 2590 540 2627 quamque.
668 2573 768 2612 lianc
809 2590 907 2627 quac
946 2584 1043 2612 tota.
1092 2571 1227 2611 Turio.
1279 2584 1301 2609 a
1331 2587 1390 2624 pr.
1420 2586 1476 2610 111.
1519 2572 1618 2610 han-

176 2658 246 2695 quc
265 2652 399 2680 totam.
440 2640 545 2680 Flor.
567 2641 738 2695 hancque
757 2651 892 2681 totam.
981 2651 1235 2680 tractaturus.
1279 2638 1386 2679 Flor.
1409 2650 1614 2679 tractatus.

265 2708 343 2747 alii
355 2708 539 2764 fortasse
573 2708 674 2747 idco.
733 2710 820 2749 Hoe.
850 2710 987 2748 ordine
1011 2711 1130 2748 etiam
1149 2706 1258 2747 Flor.
1369 2706 1615 2761 reliquerunt.
