1775 3091
189 261 271 298 228
626 259 896 316 supplementa
925 261 1189 300 annotationis

194 369 356 422 [contra
396 387 516 427 quam
551 373 682 412 editur
711 372 818 425 apud
848 371 1106 424 Ciceronem,
1153 374 1224 413 sed
1255 373 1397 414 eodem
1427 376 1510 414 sere
1536 390 1629 415 sen-

190 438 276 491 su.]
353 451 497 494 posset.
556 437 690 480 Guelf.
723 438 847 480 Goth.
875 440 966 481 Par.
989 447 1029 481 2.
1060 456 1186 494 marg.
1211 441 1363 482 Vidov.
1389 452 1529 497 potest.

302 508 340 557 §.
373 513 437 547 12.
495 518 574 546 tam
603 510 688 545 erit.
748 505 870 548 Goth.
910 508 1018 549 Jeus.
1059 518 1098 549 et
1136 510 1228 548 edd.
1267 524 1328 562 ap.
1366 508 1506 550 Burm.
1536 525 1570 548 e.
1599 518 1630 548 t.

276 586 342 613 aut
390 577 564 627 injustus.
639 572 763 616 Amb.
803 581 841 616 1.
891 574 1027 616 Turio.
1075 575 1186 618 Alm.
1246 576 1387 631 Camp.
1440 579 1633 617 omittunt

193 651 272 681 aut.
346 641 533 697 fateatur
570 643 723 695 optime.
781 642 890 683 Jens.
935 641 1036 684 Loc.
1075 644 1183 685 Ven.
1217 661 1252 685 ο.
1281 644 1329 701 f.
1441 643 1631 684 Murena.

191 708 315 750 Amb.
348 717 385 750 2.
426 725 599 747 munera.
686 720 779 749 tres.
836 709 973 750 Turio.
1006 710 1127 752 Goth.
1167 715 1253 751 tris.
1335 722 1468 766 partes
1483 711 1631 767 fuisse.

192 775 313 817 Amb.
351 782 387 816 1.
407 776 453 833 f.
481 794 519 831 p.
624 778 927 830 reprehensione.
985 777 1122 820 Turic.
1151 779 1260 820 Flor.
1292 779 1631 834 reprehensionem.

279 847 530 884 contentione.
590 842 725 884 Guelf.
758 848 1047 900 contemptione.

301 913 336 963 ξ.
372 917 434 951 13.
491 929 628 965 genere
642 915 753 967 prius
769 915 804 952 si
822 929 992 967 sequente.
1053 912 1120 953 Sic
1149 912 1270 952 Amb.
1294 919 1329 954 1.
1357 913 1494 953 Turic-
1526 912 1632 952 Flor.

192 993 213 1018 ει
241 994 301 1032 pr.
332 995 386 1018 111.
416 978 553 1027 Α1111.,
593 983 730 1019 ceteris
769 983 933 1020 omissis.
1020 979 1268 1037 defensionis.
1299 980 1437 1034 Camp.
1469 983 1631 1020 omittit.

272 1050 383 1101 prius
421 1050 625 1100 pertinere.
685 1046 820 1088 Guelf.
852 1047 977 1087 Aan.
1008 1054 1048 1089 2.
1086 1047 1225 1102 Camp.
1265 1059 1366 1103 pert.
1405 1065 1470 1103 pr.
1556 1062 1632 1101 quo

191 1116 299 1158 enim.
359 1112 494 1154 Guelf.
515 1115 704 1169 quomodo
734 1119 846 1155 enim.
934 1118 1033 1154 enim
1056 1119 1180 1170 priuS.
1238 1116 1347 1156 Jens.
1373 1126 1411 1156 et
1431 1124 1520 1156 cett.
1541 1123 1633 1154 ante

189 1181 291 1222 Bad.
319 1199 383 1236 pr.
416 1199 447 1221 c.
542 1183 708 1222 obstare.
778 1182 918 1236 Camp.
961 1194 1151 1222 constare.
1236 1184 1377 1238 fidem.
1435 1183 1559 1223 Aan.
1597 1187 1634 1222 1.

189 1249 327 1289 Turio.
355 1250 461 1289 Flor.
495 1264 515 1288 a
544 1266 602 1302 pr.
633 1266 688 1290 111.
719 1248 837 1290 Alm.
870 1253 1074 1290 omitumt.
1164 1262 1312 1291 neutro.
1371 1249 1507 1291 Guelf.
1539 1266 1632 1288 neu-

190 1327 341 1370 troque.
454 1316 721 1356 indubitabile.
780 1316 899 1358 Aan.
934 1323 970 1358 1.
1014 1318 1238 1359 indubitale.
1297 1317 1632 1359 Flor.indul›121a-

190 1383 317 1422 bilem.
375 1383 494 1424 Voss.
519 1389 555 1423 1.
586 1384 813 1425 indubitate.
927 1384 1000 1439 est)
1029 1389 1081 1425 sit
1109 1386 1207 1426 solo.
1266 1385 1334 1426 Sic
1364 1388 1484 1424 etiam
1510 1383 1634 1424 Amb.

191 1455 228 1490 1.
273 1449 363 1490 Par.
401 1456 439 1491 1.
468 1457 507 1492 2.
538 1456 577 1491 5.
619 1451 747 1492 Coliu.
803 1451 864 1492 At
901 1450 1022 1492 Amb.
1058 1459 1100 1494 2.
1132 1469 1210 1494 0111.
1249 1456 1314 1494 Sit.
1373 1451 1508 1494 Guelf.
1538 1469 1569 1493 e.
1592 1467 1633 1492 s-

186 1517 318 1558 modo.

300 1590 337 1638 ξ.
371 1586 435 1625 14.
492 1585 552 1625 At
590 1588 626 1624 si
664 1585 769 1640 qnid.
828 1585 967 1626 Turio.
1007 1603 1056 1627 ac
1094 1589 1130 1626 si
1169 1585 1283 1641 quod.
1351 1583 1464 1627 Alm.
1506 1584 1632 1627 Goth.

185 1649 309 1692 Amb.
339 1658 376 1693 2.
417 1669 465 1692 ac
495 1656 530 1692 si
558 1653 664 1707 quid.
764 1656 803 1692 in
832 1670 890 1694 eo.
949 1654 1058 1695 Jens.
1089 1653 1190 1694 Loc.
1219 1653 1324 1693 Ven.
1356 1657 1546 1693 omittunt
1575 1656 1629 1693 z‘n.

270 1729 464 1773 tanquam.
531 1719 669 1773 Camp.
713 1731 853 1760 tamen.
965 1720 1102 1760 credet.
1168 1720 1306 1761 Turio.
1347 1719 1454 1760 Flor.
1495 1719 1629 1761 Guelf.

186 1783 307 1825 Amb.
327 1792 366 1826 2.
399 1786 523 1826 Bel-n.
555 1787 692 1826 credit.
797 1788 862 1827 Ut.
921 1786 1048 1828 Goth.
1081 1799 1162 1828 aut.
1246 1790 1384 1841 possit.
1443 1787 1581 1828 Tul-ic.
1607 1802 1632 1827 a

185 1868 245 1906 pr.
266 1868 322 1893 m.
353 1853 459 1894 Flor.
491 1853 618 1894 Amb.
643 1855 684 1894 2.
715 1854 823 1895 Jens.
855 1865 893 1896 et
922 1859 1100 1910 reliquae
1130 1864 1221 1894 anie.
1247 1855 1375 1894 Smer.
1403 1865 1546 1909 posset.

185 1923 367 1962 incertae.
426 1921 560 1961 Etiam
588 1922 716 1961 Amb.
753 1928 788 1962 1.
821 1929 860 1964 2.
891 1922 998 1962 Flor.
1029 1922 1120 1963 Par.
1146 1927 1183 1963 1.
1204 1929 1244 1963 2.
1269 1927 1309 1962 3.
1342 1926 1505 1961 incerta.

297 1991 335 2042 §.
368 1995 435 2029 15.
494 1989 661 2029 Milone.
723 1987 859 2030 Guelf.
899 1990 1064 2030 Miloni.
1162 1993 1303 2044 primo.
1358 1988 1493 2029 Etiam
1520 1987 1629 2029 Flor.

184 2052 308 2096 Amb.
334 2062 370 2096 1.
395 2063 434 2097 2.
462 2060 644 2111 primum.
745 2073 799 2095 em
830 2058 1056 2098 abundanti.
1114 2057 1220 2097 Flor.
1252 2072 1274 2096 a
1303 2073 1363 2110 pr.
1394 2072 1450 2096 m.
1483 2072 1538 2095 εκ·
1557 2056 1632 2094 Iza-

186 2123 463 2174 bunclantiam,
524 2140 546 2163 a
582 2141 660 2164 sec.
699 2140 755 2164 m.
797 2141 851 2163 ex
891 2125 1172 2165 habundantia.
1238 2123 1372 2165 Guelf.
1410 2134 1445 2163 et
1481 2123 1631 2162 habun-

187 2188 310 2230 danti.
426 2191 550 2232 addit.
609 2190 730 2232 Amb.
756 2197 792 2231 1.
822 2192 929 2231 Flor.
962 2190 1081 2231 Voss.
1111 2198 1149 2232 1.
1174 2197 1213 2231 3.
1236 2191 1402 2231 addidit.

299 2258 337 2308 §.
373 2263 438 2297 16.
498 2258 630 2313 Neque
661 2258 784 2298 illum.
844 2256 966 2298 Goth.
997 2257 1101 2298 Bad.
1133 2258 1285 2300 Cervic.
1315 2257 1447 2298 Colin.
1472 2254 1629 2310 Gryph.
1699 2288 1702 2290 -

186 2337 255 2363 nec
284 2323 409 2364 illum.
477 2325 586 2365 Jeus.
620 2324 719 2366 Loc.
751 2323 861 2365 Veu.
894 2342 962 2365 nec
997 2326 1131 2364 ullum.
1247 2325 1432 2366 ordinem.
1491 2318 1628 2363 Turio.

187 2404 266 2429 om.
373 2392 650 2432 damnaverim.
711 2391 851 2445 Camp.
884 2393 1189 2447 dampnaverim.
1292 2393 1462 2432 etiamsi.
1518 2389 1628 2431 Flor.

188 2460 337 2498 omittit
365 2475 521 2514 quoque
547 2463 675 2500 etiam.
766 2470 853 2498 sunt
885 2460 998 2501 dura.
1060 2459 1183 2501 Goth.
1214 2464 1295 2500 sint
1325 2459 1364 2500 cl.
1461 2474 1628 2512 sequun-

187 2533 264 2564 tur.
323 2525 459 2567 Turio.
489 2527 594 2567 Flor.
625 2525 745 2567 Amb.
763 2532 804 2567 2.
839 2525 973 2567 Guelf.
1003 2539 1215 2583 sequentur.
1275 2525 1392 2568 Voss.
1415 2530 1454 2566 3.
1486 2524 1625 2575 Camp.

142 2590 145 2593 ’
187 2603 411 2643 sequantur.
525 2605 580 2634 est
609 2593 723 2650 quocl.
783 2592 918 2635 Guelf.
954 2594 1078 2636 Goth.
1108 2594 1228 2636 Voss.
1255 2601 1294 2636 2.
1325 2594 1434 2635 Jem.
1464 2599 1503 2631 et
1529 2592 1626 2628 reli-

188 2669 292 2711 quae
328 2670 420 2700 ante
453 2661 582 2703 Stoer.
620 2665 802 2716 inserunt
830 2661 884 2703 id.
998 2662 1191 2720 Iniquum.
1249 2660 1371 2703 Amb.
1392 2665 1434 2701 2.
1464 2659 1623 2697 inicum·

271 2740 439 2779 aequum.
496 2728 623 2771 Amb.
639 2735 681 2772 2.
703 2744 849 2770 aecum.
