1775 3091
208 264 262 298 82
648 250 752 305 Supp
758 249 918 289 lementa
949 249 1209 290 annotationis

207 368 341 424 velit).
397 365 536 421 Camp.
574 381 651 405 eor.
690 363 804 403 libris
833 361 1000 403 lectione.
1060 362 1219 402 lectioni
1243 365 1393 417 primus
1423 363 1532 405 dedit
1558 364 1642 406 Ba-

209 441 295 479 dius
338 453 358 475 e
393 435 601 484 VaHensi,
651 445 771 486 quem
807 434 930 471 secuti
968 439 1061 470 sunt
1087 440 1249 484 posterr.
1279 447 1427 472 omnes.
1485 432 1644 472 lectione

208 505 388 547 defendjt
416 505 536 542 etiam
564 499 687 540 Amb.
709 504 744 539 2.
805 498 1139 551 [Emendaverim
1167 510 1209 538 ut
1238 499 1291 538 acl
1314 502 1503 552 gremium
1534 516 1645 539 revo—

208 576 288 615 cati
328 574 506 626 cujusque
541 583 670 607 eorum
705 566 860 605 lectioni
905 566 1136 607 deserviant.
1201 566 1307 608 Nam
1342 571 1387 607 iu
1420 570 1509 607 loco
1546 570 1643 607 olim

207 648 388 693 corrupto
417 646 529 679 vetus
559 634 785 674 emendatio
813 635 970 675 videtur
1004 643 1162 688 recepta
1192 634 1313 687 esse]

315 711 351 761 ξ.
383 712 420 746 6.
477 703 596 743 multo
632 705 760 755 magis
794 702 958 742 videtur.
1028 719 1079 742 m.
1114 702 1195 741 vicl.
1235 700 1339 756 mag.
1379 701 1503 744 Amb.
1537 707 1570 741 1.
1601 707 1643 742 2.

205 777 327 819 Goth.
358 773 489 814 Guelf.
519 770 656 824 Camp.
684 769 790 810 Jens.
821 780 860 810 et
888 778 1049 823 posterr.
1079 779 1170 810 ante
1200 768 1352 825 Gryph.
1464 787 1516 810 m.
1545 786 1642 825 pro-

202 845 356 884 videtur
382 857 483 893 mag.
515 839 646 879 Turio.
675 837 778 877 Flor.
807 836 920 877 Ahn.

315 914 346 963 ᾗ,
376 915 416 950 7.
461 906 598 963 [Nihil
623 908 787 944 otiosum
812 906 910 959 pati,
943 907 970 944 i.
996 920 1027 943 e.
1058 907 1282 957 explicante
1316 903 1506 955 Gesnero,
1537 905 1642 944 nihjl

199 981 490 1027 transmittere,
540 977 646 1025 cujus
687 988 770 1013 non
807 976 892 1012 vim
928 972 1126 1022 declares,
1175 975 1284 1023 cujus
1320 986 1404 1011 11011
1446 987 1563 1011 usum
1601 980 1641 1011 et

199 1051 397 1088 rationem
435 1042 656 1093 ostendas]
785 1039 1048 1080 annotandum
1093 1042 1178 1078 erit.
1242 1037 1352 1078 Inter
1398 1039 1498 1079 haec
1534 1038 1640 1079 Flor.

198 1118 336 1155 inserit
373 1128 530 1168 quoquc.
601 1126 697 1163 quac
744 1111 784 1146 in
828 1109 1040 1162 prooemio.
1121 1123 1287 1160 quaeque
1325 1109 1367 1144 in
1400 1123 1463 1160 pr.
1503 1104 1638 1159 Camp.

197 1199 342 1238 quoque
374 1179 450 1236 (al.
477 1193 531 1217 m.
562 1193 660 1217 corr.
689 1175 884 1231 quodque)
921 1177 947 1215 i.
976 1191 1039 1228 pr.
1070 1173 1201 1213 Turio.
1259 1172 1478 1227 Receptzun
1507 1184 1640 1214 tuetur

195 1250 319 1291 Aan.
354 1254 390 1288 1.

310 1319 343 1369 ς.
374 1321 412 1355 8.
463 1312 652 1369 judicum.
710 1309 843 1349 Turio.
883 1323 907 1347 a
948 1323 1003 1360 pr.
1046 1322 1099 1346 m.
1132 1307 1349 1359 judicium,
1401 1323 1424 1347 a
1463 1324 1538 1349 sec.
1576 1311 1638 1348 in.

195 1386 374 1433 ductum,
421 1383 528 1436 quod
565 1389 623 1420 est
660 1382 703 1417 in
742 1375 880 1428 Camp.
992 1374 1155 1413 similem
1184 1377 1246 1414 iis.
1305 1391 1338 1414 s,
1367 1374 1428 1414 his
1455 1375 1578 1416 Amb.
1601 1382 1638 1417 1.

193 1453 329 1493 Turic.
356 1449 463 1490 Flor.
490 1449 597 1489 Jeus.
627 1446 748 1486 Tarv.
774 1442 871 1485 Loc.
904 1441 1010 1482 Ven.

307 1520 340 1570 ᾧ.
372 1523 407 1558 9.
464 1514 712 1555 translatum.
767 1510 963 1551 translaia
991 1509 1095 1548 Flor.
1127 1523 1150 1548 a
1179 1525 1237 1562 pr.
1267 1523 1322 1550 ln.
1422 1513 1504 1565 fig.
1532 1512 1636 1552 verb.

192 1587 296 1627 verb.
314 1587 395 1640 fig.
427 1583 528 1623 Flor.
643 1581 746 1620 levis.
804 1577 865 1618 Ita
906 1581 1027 1616 etiam
1066 1576 1201 1616 Turio.
1238 1576 1362 1617 Aan.
1388 1583 1427 1617 2.
1455 1578 1578 1619 Paris.
1601 1586 1635 1619 1.

193 1663 232 1697 2.
251 1661 288 1695 3.
320 1652 458 1705 Camp.
519 1649 803 1702 [Spaldingius
835 1648 1009 1685 malebat
1038 1645 1251 1698 aliquando
1281 1661 1396 1699 quam
1422 1645 1552 1698 levis]

190 1723 259 1763 secl
291 1736 370 1761 om.
399 1722 521 1760 etiam
548 1716 671 1756 Amb.
694 1721 732 1754 2.

304 1791 336 1842 ᾗ.
370 1794 434 1827 10.
491 1789 691 1824 mirentur.
736 1781 862 1831 Hujus
891 1782 1071 1819 lectionis
1095 1781 1317 1819 auctoribus
1340 1781 1491 1820 accedjt
1509 1779 1632 1821 Amb.

191 1866 227 1910 2.
268 1866 307 1897 et
343 1856 465 1896 Paris.
506 1858 540 1892 1.
570 1856 605 1890 3.
636 1851 675 1890 4.
714 1863 806 1888 cum
835 1851 1028 1886 mirantur
1063 1851 1114 1886 sit
1150 1850 1194 1885 iu
1222 1853 1259 1888 2.
1290 1856 1329 1886 et
1359 1853 1398 1888 5.
1427 1857 1466 1887 et
1495 1847 1632 1902 Camp.

192 1928 286 1966 edit.
400 1922 493 1962 [asc.
522 1918 628 1958 sord.
661 1917 762 1956 hum.
793 1914 931 1968 Cfflnp.
1043 1917 1174 1968 pueris
1214 1916 1341 1954 omitt.
1377 1913 1501 1955 Amb.
1529 1922 1564 1956 1.
1595 1923 1631 1957 2.

190 1994 308 2033 Voss.
333 1998 368 2031 ,1.
428 1991 584 2042 [neque
623 1987 717 2025 alibi
751 1985 856 2036 apud
883 1982 1183 2034 Quintilianum
1211 1981 1345 2035 palam
1373 1987 1633 2036 praepositio-

190 2065 251 2101 nis
290 2063 374 2099 vim
412 2055 567 2106 habet.]
679 2055 787 2107 pejus
825 2062 888 2089 cst.
950 2061 1002 2088 cst
1039 2053 1113 2104 pcj.
1152 2049 1286 2090 Turio,
1319 2049 1423 2089 Flor,
1450 2049 1572 2091 Aust),
1596 2058 1631 2091 1,

191 2123 322 2170 Gfielf.
349 2125 486 2177 Camp.
793 2156 795 2158 .

304 2196 335 2246 §.
371 2198 435 2232 11.
491 2207 614 2245 quam.
643 2190 706 2228 iis.
763 2201 795 2239 q.
825 2184 896 2222 lzis.
921 2181 1042 2222 Amb.
1067 2190 1104 2223 1.
1163 2198 1217 2222 em
1248 2188 1456 2224 communis
1478 2186 1630 2226 habitus

190 2265 313 2304 bonis.
371 2275 424 2299 rur
457 2259 648 2299 communi
676 2254 810 2294 habitu
838 2252 927 2290 boni
956 2250 1079 2290 Amb.
1104 2256 1138 2290 1.
1197 2250 1296 2302 [Ad
1318 2261 1456 2291 notam
1475 2264 1626 2307 exeget.

189 2331 444 2385 Spaldjugius
480 2326 651 2367 conferri
689 2323 848 2374 jubebat
887 2317 1138 2370 Bo‘ttigerum
1175 2321 1219 2357 in
1248 2317 1397 2358 Sabina
1426 2336 1515 2374 pag,
1546 2327 1626 2362 316

189 2409 228 2439 et
256 2412 378 2453 quem
404 2398 471 2435 ille
500 2395 637 2434 laudat
667 2390 887 2432 casaubon.
926 2387 977 2425 ad
1006 2385 1191 2426 Suetonii
1219 2385 1327 2439 Aug.
1358 2389 1457 2441 83]

299 2468 333 2517 §.
367 2469 431 2503 12.
487 2477 637 2501 morum
664 2457 786 2498 Amb.
810 2461 848 2496 2.
887 2470 979 2494 011111
1011 2452 1143 2494 Guelf.
1179 2463 1218 2494 et
1245 2454 1368 2495 Paris.
1391 2461 1427 2497 5.
1541 2456 1627 2497 Nec

186 2531 322 2572 solum.
380 2530 513 2585 Neque
540 2528 610 2568 sol.
640 2526 772 2567 Turic.
801 2521 922 2562 Amb.
954 2527 990 2563 1.
1030 2522 1135 2562 Flor.
1164 2520 1293 2563 Guelf.

297 2602 330 2650 ξ.
364 2604 428 2637 13.
486 2597 670 2636 dicentur.
727 2592 812 2632 (loc.
850 2589 984 2630 Turio.
1014 2589 1152 2643 Camp.
1264 2594 1502 2647 superfluent.
1560 2588 1624 2630 Ita

187 2669 308 2706 etiam
344 2664 478 2705 Turio.
517 2664 622 2704 Flor.
659 2661 781 2702 Amb.
811 2664 849 2700 2.
886 2657 1006 2697 Paris.
1043 2663 1076 2696 1.
1103 2664 1141 2697 2.
1165 2663 1202 2697 3.
1243 2656 1378 2710 Camp.
1408 2657 1506 2698 Obr.
1532 2660 1622 2698 fort.

187 2732 308 2774 Aan.
343 2738 379 2773 1.
439 2735 631 2788 profluent
671 2729 794 2772 Paris.
833 2727 868 2766 4.
927 2724 1010 2767 Sed
1047 2726 1142 2779 quid
1181 2728 1225 2765 in
1261 2725 1380 2766 Paris.
1419 2729 1455 2766 5.
1504 2739 1620 2779 saepe
