1775 3091
355 247 408 288 σιῖ
439 245 601 300 Quintil.
632 245 760 286 Instit.
796 244 850 295 77,
895 251 959 291 10.
991 247 1024 302 §.0
1055 249 1228 288 3-11,
1424 247 1503 286 251

157 359 264 400 Nam
302 372 335 400 et
374 361 621 416 enthymema.
690 358 824 401 Guelf.
864 358 1002 412 Camp.
1041 375 1131 398 nam
1176 368 1212 398 et
1248 358 1505 415 epickyrema.

73 428 176 469 Obr.
216 445 254 469 n.
285 445 315 469 c.
353 429 597 483 epichirema.
687 428 921 482 enthymema
949 451 1004 457 —
1031 429 1163 467 inesse.
1219 425 1288 467 Sic
1315 425 1436 469 Amb.
1470 433 1506 468 1.

71 499 209 536 ceteris
247 498 413 536 omissis.
529 495 736 550 apodioein.
798 493 932 536 Guelf.
969 494 1078 536 Jens.
1116 493 1214 535 Ald.
1253 493 1367 537 Sich.
1410 513 1507 552 apo-

71 562 225 604 domim.

183 645 218 692 §.
240 647 278 683 8.
320 657 554 696 quanquam.
598 639 734 682 Guelf.
762 639 886 681 Amb.
901 646 941 682 2.
963 657 1092 695 quam.
1171 643 1328 697 finiunt.
1369 638 1506 684 Guelf.

69 706 196 749 Amb.
226 715 264 750 2.
295 708 418 749 Bern.
436 711 560 764 fiunt.
673 720 714 748 ut
743 711 792 748 sii
821 734 877 740 —-
906 710 1088 765 qffirem.
1144 707 1269 749 Amb.
1289 713 1327 751 1.
1357 709 1508 750 scilicet

70 777 216 815 rationi
236 800 292 807 -—-
321 777 558 831 qffirentem.
615 775 722 817 Flor.
754 776 903 816 scilicet
933 779 1119 816 rationem
1138 801 1196 808 --
1223 777 1297 832 affl
1411 795 1510 833 quae

70 853 192 883 ceria.
255 842 378 883 Amb.
416 849 455 885 1.
494 861 590 898 quae
629 847 669 882 in
713 855 833 884 certa.
934 843 1062 898 fidem
1101 860 1175 884 non
1215 843 1383 886 dubiam.
1437 845 1508 887 Sic

70 912 193 950 etiam
220 909 310 951 Par.
335 916 372 951 1.
423 911 545 967 fidem
575 911 702 951 dubiis
730 911 819 952 Par.
842 916 881 952 3.
910 926 1083 967 quoque.
1174 922 1281 952 cer-ta
1310 914 1350 951 in
1377 916 1507 955 certis.

68 975 207 1017 Turic.
244 976 350 1019 Flor.
392 993 414 1018 a
443 994 504 1032 pr.
534 994 585 1017 m.
622 976 731 1019 Alm.
766 982 912 1019 incerta
943 982 984 1018 in
1012 981 1174 1020 cunctis.
1287 979 1450 1029 πίστεις.
1491 1028 1494 1032 Α

69 1042 210 1097 Camp.
237 1058 382 1094 πιστις.
438 1045 562 1087 Amb.
588 1052 625 1087 1.
649 1053 688 1087 2.
719 1046 842 1087 Goth.
871 1048 997 1101 pistis.
1112 1045 1320 1101 appellant.
1368 1047 1398 1092 C
1402 1064 1508 1103 amp.

68 1112 326 1166 appellantur.
441 1116 605 1155 etiamsi.
663 1113 785 1155 Amb.
809 1120 846 1155 1.
866 1129 1024 1169 quoque
1042 1116 1210 1154 etiamsi.
1267 1114 1373 1155 Flor.
1391 1119 1510 1156 etiam

69 1173 144 1228 si't,
190 1195 213 1218 a
237 1195 314 1220 sec.
338 1195 393 1220 m.
425 1180 521 1234 quid
549 1185 615 1220 sii.
672 1181 796 1223 Amb.
818 1188 858 1223 2.
891 1184 990 1220 enim
1019 1182 1102 1220 etsi.
1203 1181 1345 1236 fidem.
1383 1182 1510 1225 Amb.

70 1252 108 1287 1.
138 1247 246 1288 Flor.
279 1246 412 1288 Guelf.
442 1247 566 1289 Amb.
587 1255 625 1290 2.
657 1248 776 1291 Voss.
809 1255 847 1290 3.
875 1248 997 1289 Bern.
1028 1247 1194 1302 quidem.
1303 1250 1510 1303 probatio-

68 1332 165 1355 nem.
235 1313 368 1355 Guelf.
406 1314 529 1372 Amb.
570 1322 610 1356 2.
648 1315 771 1358 Bern.
815 1318 1178 1370 interpretationem.
1244 1315 1363 1357 Voss.
1400 1323 1436 1358 1.
1465 1324 1506 1359 3.

68 1385 271 1423 omittunt.
368 1381 448 1421 Sed
474 1395 736 1436 argumentum
756 1409 811 1416 --
831 1383 955 1424 simile
983 1400 1059 1424 non
1086 1394 1185 1424 erat.
1235 1381 1303 1424 Sio
1322 1380 1442 1424 Ajnb.
1467 1390 1506 1426 1.

67 1453 204 1489 ceteris
243 1451 409 1489 omissis.

179 1530 216 1578 §.
248 1533 286 1568 9.
343 1537 486 1567 actum.
544 1526 611 1568 Sic
640 1529 759 1568 etiam
786 1516 893 1569 Flor.
921 1526 1042 1568 Amb.
1066 1534 1104 1570 2.
1135 1526 1226 1571 Par.
1250 1533 1287 1569 1.
1309 1533 1349 1570 2.
1372 1532 1412 1571 5.

65 1597 147 1649 ipse
173 1611 383 1649 exponens.
441 1594 546 1635 Flor.
576 1594 666 1636 Par.
702 1600 739 1635 1.
770 1601 810 1636 2.
843 1598 871 1635 i.
902 1599 1076 1650 exponit.
1189 1595 1359 1649 Argum.
1400 1599 1506 1651 inqu.

65 1661 168 1702 Flor.
198 1661 322 1702 Amb.
342 1668 381 1702 2.
420 1665 520 1702 item
550 1664 731 1703 ordinem
759 1672 930 1704 mutant.
1044 1667 1103 1702 ita
1127 1679 1206 1703 scr.
1264 1662 1371 1705 Flor.
1401 1679 1423 1703 a
1448 1680 1507 1718 pr.

66 1745 122 1772 m.
154 1745 313 1785 quoque
343 1729 397 1768 ila
425 1746 503 1770 scr.
595 1728 907 1785 11·anffe2·r·emzts.
967 1728 1034 1769 Sic
1057 1733 1175 1769 etiam
1202 1728 1328 1770 Amb.
1349 1737 1389 1771 2.
1412 1730 1504 1771 Par.

68 1804 107 1838 1,
140 1804 179 1838 2.
239 1796 515 1851 transferemus
553 1795 659 1835 Flor.
785 1796 908 1836 illinc.
966 1795 1073 1836 Flor.
1117 1794 1239 1836 Amb.
1267 1802 1308 1837 2.
1347 1812 1507 1851 quoque

66 1865 139 1904 illi.
258 1863 342 1914 Quo
373 1874 547 1916 apparet.
605 1862 729 1902 Amb.
759 1868 795 1903 1.
825 1862 934 1903 Flor.
975 1877 997 1902 a
1023 1879 1082 1916 pr.
1113 1878 1166 1903 m.
1208 1863 1312 1918 quod
1341 1880 1507 1919 appare-

68 1943 136 1971 ret.
194 1929 309 1972 AJm.
339 1930 457 1970 Voss.
486 1936 521 1971 1.
550 1935 589 1970 3.
622 1929 726 1985 quocl
754 1940 930 1984 apparet.

184 2022 221 2071 §.
254 2026 318 2060 10.
378 2020 481 2073 vulg.
507 2023 571 2060 sit.
629 2019 754 2060 Aan.
777 2025 814 2059 1.
845 2006 879 2060 s:
912 2035 949 2059 v.
1013 2018 1222 2073 P‘irgilz'us.
1277 2018 1385 2060 Flor.
1406 2034 1507 2075 apr.

66 2105 120 2129 m.
151 2087 196 2126 V
195 2088 351 2140 crgilz'us
361 2118 373 2136 ,
422 2103 514 2128 cum
550 2086 675 2127 Amb.
701 2076 741 2127 2.
774 2085 926 2127 Cervic.
958 2096 997 2126 et
1026 2088 1115 2127 edd.
1148 2096 1237 2126 ante
1268 2085 1397 2128 Stoer.
1449 2086 1507 2129 At

68 2154 202 2196 Guelf.
249 2154 367 2195 Voss.
405 2160 442 2194 1.
479 2160 518 2195 3.
565 2154 744 2208 Virgilii.
810 2152 932 2194 Goth.
978 2152 1024 2191 V
1021 2153 1130 2207 irgil.
1253 2157 1505 2196 numer-osium

70 2221 203 2262 Guelf.
235 2238 388 2261 numero
417 2224 511 2261 suis.
568 2221 687 2262 Voss.
714 2227 750 2261 1.
783 2226 821 2261 3.
853 2223 1142 2262 innumerosius.
1255 2234 1508 2275 argumento-

68 2306 166 2329 sum.
224 2287 359 2328 Etiam
387 2287 510 2328 Amb.
540 2294 578 2329 1.
612 2304 634 2328 a
666 2305 744 2329 sec.
781 2304 836 2329 m.
869 2299 1146 2341 argumentum.
1260 2289 1362 2344 quod
1389 2289 1504 2344 prob.

67 2356 193 2396 Amb.
221 2360 258 2395 1.
289 2358 406 2396 inser.
438 2355 502 2394 αᾶ.
625 2356 824 2395 indicium.
882 2355 988 2397 Flor.
1020 2371 1043 2395 a
1065 2371 1124 2409 pr.
1155 2370 1212 2396 m.
1244 2371 1403 2412 quoque
1434 2373 1505 2396 ra-

69 2423 214 2462 dicium
285 2421 407 2463 Goth.
431 2422 633 2476 judicium.
748 2423 923 2476 ejusdem.
981 2422 1117 2463 Tus-lc.
1148 2424 1241 2476 ejuS.
1349 2425 1507 2477 nomina

58 2490 156 2548 fac.
218 2489 318 2531 Obr.
348 2492 466 2530 inser.
498 2489 641 2530 Celsus.

184 2579 222 2629 §.
256 2583 321 2618 11.
380 2578 559 2633 ffcitur.
618 2577 741 2618 Amb.
767 2583 804 2619 1.
824 2585 861 2620 2.
890 2578 997 2619 Flor.
1019 2593 1176 2633 quoque
1197 2579 1321 2636 effici,
1353 2588 1392 2619 et
1407 2592 1511 2642 1119ss

72 2660 144 2699 pro
173 2656 260 2685 sunt
288 2647 410 2685 etiam
438 2643 558 2685 Amb.
593 2651 631 2686 1.
671 2655 710 2685 et
738 2645 845 2686 Flor.
874 2661 898 2686 a
932 2662 990 2699 pr.
1021 2661 1075 2685 m.
1108 2648 1197 2685 sint.
1309 2650 1505 2709 separavi.

72 2711 208 2754 Turio.
232 2728 254 2753 a
276 2728 334 2767 pr.
358 2727 411 2753 m.
433 2715 639 2767 superavit.
696 2711 728 2754 F
730 2715 802 2755 lor.
822 2712 934 2755 Alm.
954 2713 1091 2768 Camp.
1110 2715 1320 2769 separavit.
1369 2711 1504 2756 Guelf-
