1775 3091
208 253 287 289 122
641 246 912 303 Supplementa
941 250 1204 289 annotationis

201 361 324 402 Paris.
348 366 384 401 1.
408 366 446 402 2.
469 367 532 412 5.;
582 370 793 413 Utrumque
822 374 1044 413 pronomen
1075 369 1132 401 est
1159 364 1204 401 in
1231 360 1366 403 Turio.
1397 378 1420 403 a
1448 379 1525 404 sec.
1552 379 1631 416 m.,

201 438 242 468 et
263 432 343 480 jam
371 432 412 468 iu
444 429 533 468 edd.
565 427 675 468 Sieh.
706 426 865 480 Colin.;
907 426 1048 483 Camp.
1078 431 1136 470 ita
1158 434 1359 472 connectit
1378 431 1456 471 duo
1478 434 1630 485 capita:

205 495 355 538 Cicero.
412 496 492 536 Sed
517 510 658 550 genera
686 510 891 537 causarum
920 499 1013 536 tria.

758 640 855 683 CA
885 658 924 684 P.
982 641 1069 685 IV.

311 741 589 795 Inscriptiones
636 750 729 781 sunt
766 742 866 783 hae:
931 742 1039 798 Quae
1071 760 1214 798 genera
1253 760 1456 784 causarum
1495 743 1632 786 Turio.

201 811 308 852 Flor.
345 809 471 850 Amb.
504 813 542 848 1.
575 813 615 848 2.
658 806 791 849 Guelf.
830 809 951 851 Beni.
992 810 1101 852 Jens.
1140 811 1261 852 Tarv.
1301 810 1401 852 Ald.
1464 811 1572 865 Quae
1599 822 1635 851 et

202 890 295 934 quot
333 880 409 917 sint
444 891 586 929 genera
623 892 828 915 causarum
868 875 990 918 Goth.
1063 878 1165 930 Quot
1207 895 1350 932 genera
1388 896 1493 919 caus.
1533 878 1633 920 Loo.

198 948 308 988 Ven.
371 946 473 983 Tria
502 960 581 982 esse
606 960 749 997 genera
778 961 982 985 causarum
1010 944 1113 986 Bad.
1146 955 1184 986 et
1212 955 1309 999 post.
1342 961 1504 999 omnes,
1545 962 1633 988 exc.

201 1014 303 1056 Obr.
335 1011 456 1054 Gesn.

313 1082 349 1132 §.
383 1086 421 1120 1.
482 1078 752 1119 concionalem.
811 1079 1066 1119 continualem
1094 1078 1230 1120 Turio.
1261 1095 1284 1119 a
1313 1097 1371 1134 pr.
1402 1096 1455 1121 m.
1485 1080 1591 1122 Flor.
1613 1096 1638 1122 a

200 1166 261 1204 pr.
292 1164 348 1189 m.
376 1146 503 1187 Amb.
526 1152 566 1186 2.
596 1144 719 1186 Bern.
776 1147 1027 1198 continalem,
1067 1148 1175 1202 quod
1203 1148 1324 1188 habet
1350 1147 1470 1189 Tar-v.
1489 1180 1501 1200 ,
1540 1149 1636 1188 inde

197 1217 355 1257 videtur
386 1217 559 1254 fluxisse.

313 1287 350 1336 §.
381 1287 420 1323 2.
481 1297 566 1320 cum
596 1280 701 1334 apud
733 1281 802 1322 Gr.
861 1291 941 1320 ium
968 1298 1035 1336 ap.
1070 1280 1140 1322 Gr.
1171 1279 1304 1322 Guelf.
1338 1297 1430 1321 cum
1457 1282 1565 1323 Jens.
1598 1292 1638 1323 et

201 1359 303 1405 post.
324 1358 415 1390 ante
437 1347 585 1401 Colin.‚
616 1365 702 1390 exc.
725 1348 844 1390 Tarv.
866 1347 962 1390 Ald.
1057 1350 1235 1388 maximo
1255 1359 1479 1403 temporum.
1502 1347 1636 1390 Guelf.

201 1420 379 1459 maxime
406 1428 575 1472 tempore
603 1432 695 1457 cum
724 1415 862 1469 Sich.;
906 1417 976 1456 sed
1003 1416 1094 1467 hio,
1141 1426 1187 1456 ut
1212 1431 1346 1457 sensus
1375 1420 1528 1469 integer
1554 1420 1636 1469 fiat,

207 1488 369 1538 corrigit
397 1495 599 1524 auciorum
636 1499 706 1538 pro
744 1494 912 1524 auctore.
975 1482 1088 1537 [Sed
1116 1493 1228 1524 notes
1262 1487 1383 1524 velim
1423 1487 1642 1525 ablativum

200 1555 287 1594 sine
331 1554 620 1606 praepositione
667 1553 841 1604 positum
890 1566 983 1590 cum
1029 1554 1147 1591 verbo
1188 1554 1356 1604 passivo.
1425 1550 1543 1603 Cujus
1581 1554 1639 1591 rei

199 1619 394 1661 Ruddim.
425 1623 469 1657 in
496 1616 815 1657 Institutionibus
845 1633 1010 1671 gramm.
1038 1617 1130 1659 Lat.
1163 1618 1211 1658 T.
1244 1616 1284 1657 Π
1312 1633 1402 1671 pag.
1432 1624 1514 1659 212
1544 1619 1637 1658 edit.

199 1686 312 1740 Lips.
354 1688 433 1726 duo
471 1694 628 1725 tautum
668 1688 852 1738 exempla
890 1700 941 1724 ex
980 1688 1158 1738 prosariis
1198 1688 1449 1738 scriptoribus
1486 1686 1637 1725 laudat.

201 1755 318 1798 Adde
351 1754 541 1796 Curtium
576 1754 665 1791 libr.
695 1750 772 1803 VI,
798 1756 851 1792 26
882 1756 1087 1805 opperiens
1129 1755 1306 1806 aliquem
1339 1755 1558 1792 amicorum
1588 1767 1639 1792 ex

201 1826 328 1877 prima
361 1821 546 1870 cohorte,
598 1834 672 1872 quo
710 1819 1026 1859 introduceretur
1063 1821 1113 1858 ad
1151 1834 1298 1873 regem.
1366 1820 1432 1860 Cf.
1476 1819 1636 1860 Caesar.

202 1894 253 1933 de
290 1893 384 1931 bell.
426 1886 532 1929 Gall.
568 1891 613 1935 1,
645 1890 668 1926 8
710 1900 755 1924 ea
792 1888 947 1939 legione
986 1889 1258 1941 militibusque
1287 1911 1342 1918 --
1369 1890 1513 1926 fossam
1548 1902 1642 1940 per-

205 1961 330 2000 ducit.
387 1955 494 1998 Nam
529 1956 692 2008 pluralis
728 1957 886 1994 :numeri
917 1957 1107 2008 exemplis
1137 1969 1245 1994 nuuc
1275 1955 1440 2009 quidem
1469 1957 1530 1994 uti
1556 1969 1640 1994 non

203 2022 458 2081 possumus.]
589 2020 656 2060 sed
703 2023 819 2059 etiam
863 2038 995 2075 paene,
1072 2025 1188 2060 etiam
1226 2037 1305 2062 om.
1351 2020 1486 2061 Turio.
1530 2020 1637 2061 Flor.

205 2092 341 2135 Guelf.
380 2089 501 2131 Amb.
530 2094 570 2130 2.
608 2087 744 2142 Camp.
775 2086 886 2128 Sich.
919 2088 1019 2130 Obr.
1052 2091 1141 2129 fort.
1171 2087 1293 2129 Aan.
1319 2094 1357 2129 1.

321 2171 359 2221 §.
393 2174 431 2210 3.
489 2168 714 2209 videbimur.
761 2166 935 2206 videmur
962 2166 1070 2208 Jens.
1100 2165 1199 2207 Loc.
1231 2167 1338 2208 Ven.
1366 2164 1471 2207 Bad.
1503 2164 1638 2216 Cerv.,

207 2239 295 2281 cod.
339 2239 490 2277 nullus.
616 2252 702 2276 cum
736 2236 943 2289 querimur.
1010 2235 1046 2272 si
1085 2237 1355 2288 conquerimur
1400 2231 1532 2273 Guelf.
1601 2237 1641 2272 si

205 2323 314 2363 quer.
345 2303 456 2346 Sich.
572 2301 816 2343 consolamur
852 2316 932 2340 om.
966 2299 1105 2354 Camp.
1221 2311 1256 2339 et
1287 2300 1463 2355 plurima
1492 2299 1545 2340 al.
1604 2310 1640 2338 et

206 2389 287 2415 om.
320 2375 440 2412 etiam
467 2369 573 2412 Flor.
607 2370 747 2423 Camp.
775 2367 895 2409 Amb.
920 2374 959 2409 2.
1011 2367 1129 2422 plura
1154 2365 1275 2408 Goth.
1306 2368 1424 2408 Voss.
1443 2373 1482 2409 2.
1513 2367 1636 2408 Paris.

212 2446 251 2482 1.
271 2446 311 2482 2.
339 2454 432 2480 011111
460 2437 570 2479 Jens.
608 2447 647 2479 et
674 2447 837 2492 posterr.
879 2445 972 2476 ante
997 2435 1131 2487 sich„
1172 2450 1259 2476 exc.
1289 2433 1385 2476 AJd.
1448 2473 1451 2475 .

318 2512 355 2560 ξ.
387 2507 427 2547 4.
485 2508 526 2545 ἰη
556 2506 628 2546 Izi-s.
687 2507 728 2545 in
755 2506 804 2544 iis
834 2501 954 2544 Goth.
1016 2506 1056 2543 in
1084 2506 1118 2543 is
1147 2501 1282 2543 Τι11·10.

318 2589 354 2638 §.
389 2589 426 2627 5.
489 2584 595 2625 laud.
630 2600 678 2625 ac
704 2585 825 2637 vitup.
883 2581 988 2621 laud.
1022 2592 1057 2620 et
1086 2584 1154 2622 vit.
1188 2580 1310 2622 Goth.
1343 2596 1433 2622 cum
1460 2579 1565 2621 Jens.
1598 2587 1638 2619 et

208 2659 309 2705 post.
341 2661 431 2692 ante
463 2649 617 2706 Gryph.
734 2665 838 2690 cons.
870 2664 918 2688 ac
941 2648 1025 2702 jud.
1074 2649 1158 2703 jud.
1183 2665 1232 2689 ac
1257 2665 1361 2689 cons.
1396 2647 1534 2700 Camp.

211 2734 361 2773 operae.
418 2734 530 2773 opere
565 2717 686 2759 Amb.
718 2722 755 2758 1.
785 2722 826 2759 2.
868 2715 974 2757 Jens.
1100 2715 1464 2773 comprehenderint.
1533 2729 1638 2755 com-
