<?xml version="1.0" encoding="UTF-8"?>
<!DOCTYPE html PUBLIC "-//W3C//DTD XHTML 1.0 Transitional//EN"
    "http://www.w3.org/TR/xhtml1/DTD/xhtml1-transitional.dtd">
<html xmlns="http://www.w3.org/1999/xhtml" xml:lang="en" lang="en">
 <head>
  <title>
</title>
<meta http-equiv="Content-Type" content="text/html;charset=utf-8" />
  <meta name='ocr-system' content='tesseract 3.04.00' />
  <meta name='ocr-capabilities' content='ocr_page ocr_carea ocr_par ocr_line ocrx_word'/>
</head>
<body>
  <div class='ocr_page' id='page_1' title='image "./lexiconquintilia05bonnuoft_0436.png"; bbox 0 0 1775 3091; ppageno 0'>
   <div class='ocr_carea' id='block_1_1' title="bbox 175 246 1164 302">
    <p class='ocr_par' dir='ltr' id='par_1_1' title="bbox 175 246 1164 302">
     <span class='ocr_line' id='line_1_1' title="bbox 175 246 1164 302; baseline -0.002 -14"><span class='ocrx_word' id='word_1_1' title='bbox 175 252 255 289; x_wconf 79' lang='lat'>380</span> <span class='ocrx_word' id='word_1_2' title='bbox 607 246 874 302; x_wconf 73' lang='lat' dir='ltr'>Supplemenia</span> <span class='ocrx_word' id='word_1_3' title='bbox 903 247 1164 288; x_wconf 76' lang='lat' dir='ltr'><strong><em>annotationis</em></strong></span> 
     </span>
    </p>
   </div>
   <div class='ocr_carea' id='block_1_2' title="bbox 153 358 1619 2166">
    <p class='ocr_par' dir='ltr' id='par_1_2' title="bbox 166 358 1600 951">
     <span class='ocr_line' id='line_1_2' title="bbox 284 358 1598 414; baseline -0.001 -15"><span class='ocrx_word' id='word_1_4' title='bbox 284 360 320 412; x_wconf 61' lang='grc' dir='ltr'>ξ.</span> <span class='ocrx_word' id='word_1_5' title='bbox 350 365 417 401; x_wconf 86' lang='lat'>25.</span> <span class='ocrx_word' id='word_1_6' title='bbox 473 358 596 400; x_wconf 84' lang='lat' dir='ltr'>Amb.</span> <span class='ocrx_word' id='word_1_7' title='bbox 634 365 670 398; x_wconf 90' lang='lat'>1.</span> <span class='ocrx_word' id='word_1_8' title='bbox 713 361 945 413; x_wconf 73' lang='lat' dir='ltr'><strong>scripturam</strong></span> <span class='ocrx_word' id='word_1_9' title='bbox 980 363 1060 411; x_wconf 76' lang='lat' dir='ltr'>jam</span> <span class='ocrx_word' id='word_1_10' title='bbox 1097 360 1288 401; x_wconf 76' lang='lat' dir='ltr'>indicavit</span> <span class='ocrx_word' id='word_1_11' title='bbox 1331 359 1598 414; x_wconf 83' lang='lat' dir='ltr'>Spaldingius‚</span> 
     </span>
     <span class='ocr_line' id='line_1_3' title="bbox 171 427 1599 483; baseline -0.001 -17"><span class='ocrx_word' id='word_1_12' title='bbox 171 427 242 466; x_wconf 88' lang='lat' dir='ltr'>sed</span> <span class='ocrx_word' id='word_1_13' title='bbox 260 431 400 468; x_wconf 85' lang='lat' dir='ltr'>oblitus</span> <span class='ocrx_word' id='word_1_14' title='bbox 422 437 478 467; x_wconf 85' lang='lat' dir='ltr'>est</span> <span class='ocrx_word' id='word_1_15' title='bbox 498 435 685 466; x_wconf 85' lang='lat' dir='ltr'>annotare</span> <span class='ocrx_word' id='word_1_16' title='bbox 704 429 748 465; x_wconf 87' lang='lat' dir='ltr'>iu</span> <span class='ocrx_word' id='word_1_17' title='bbox 766 429 836 466; x_wconf 89' lang='lat' dir='ltr'>illo</span> <span class='ocrx_word' id='word_1_18' title='bbox 857 442 961 467; x_wconf 86' lang='lat' dir='ltr'>esse:</span> <span class='ocrx_word' id='word_1_19' title='bbox 1009 444 1087 482; x_wconf 84' lang='lat' dir='ltr'>qua</span> <span class='ocrx_word' id='word_1_20' title='bbox 1109 431 1170 468; x_wconf 82' lang='lat' dir='ltr'>usi</span> <span class='ocrx_word' id='word_1_21' title='bbox 1189 438 1275 467; x_wconf 77' lang='lat' dir='ltr'>sunt</span> <span class='ocrx_word' id='word_1_22' title='bbox 1291 427 1463 483; x_wconf 79' lang='lat' dir='ltr'>paulum,</span> <span class='ocrx_word' id='word_1_23' title='bbox 1491 427 1599 481; x_wconf 87' lang='lat' dir='ltr'>quod</span> 
     </span>
     <span class='ocr_line' id='line_1_4' title="bbox 170 492 1600 549; baseline 0.001 -17"><span class='ocrx_word' id='word_1_24' title='bbox 170 492 254 533; x_wconf 81' lang='lat' dir='ltr'>non</span> <span class='ocrx_word' id='word_1_25' title='bbox 274 495 609 534; x_wconf 80' lang='lat' dir='ltr'>contemnendum</span> <span class='ocrx_word' id='word_1_26' title='bbox 627 503 737 546; x_wconf 76' lang='lat' dir='ltr'>puto.</span> <span class='ocrx_word' id='word_1_27' title='bbox 792 493 977 534; x_wconf 85' lang='lat' dir='ltr'>Ceterum</span> <span class='ocrx_word' id='word_1_28' title='bbox 997 494 1323 549; x_wconf 83' lang='lat' dir='ltr'>Spaldingianam</span> <span class='ocrx_word' id='word_1_29' title='bbox 1340 497 1457 535; x_wconf 85' lang='lat' dir='ltr'>crisin</span> <span class='ocrx_word' id='word_1_30' title='bbox 1475 497 1600 534; x_wconf 86' lang='lat' dir='ltr'>veris-</span> 
     </span>
     <span class='ocr_line' id='line_1_5' title="bbox 169 563 1597 616; baseline -0.001 -16"><span class='ocrx_word' id='word_1_31' title='bbox 169 564 314 600; x_wconf 84' lang='lat' dir='ltr'>simam</span> <span class='ocrx_word' id='word_1_32' title='bbox 328 563 458 613; x_wconf 86' lang='lat' dir='ltr'>judico</span> <span class='ocrx_word' id='word_1_33' title='bbox 471 592 481 612; x_wconf 92' lang='lat'>,</span> <span class='ocrx_word' id='word_1_34' title='bbox 513 576 557 600; x_wconf 88' lang='lat' dir='ltr'>ac</span> <span class='ocrx_word' id='word_1_35' title='bbox 576 576 627 599; x_wconf 88' lang='lat' dir='ltr'>ne</span> <span class='ocrx_word' id='word_1_36' title='bbox 645 564 821 601; x_wconf 83' lang='lat' dir='ltr'>revocari</span> <span class='ocrx_word' id='word_1_37' title='bbox 838 563 999 616; x_wconf 87' lang='lat' dir='ltr'>quidem</span> <span class='ocrx_word' id='word_1_38' title='bbox 1017 565 1184 602; x_wconf 79' lang='lat' dir='ltr'>verbum</span> <span class='ocrx_word' id='word_1_39' title='bbox 1202 578 1325 616; x_wconf 84' lang='lat' dir='ltr'>posse,</span> <span class='ocrx_word' id='word_1_40' title='bbox 1348 563 1454 616; x_wconf 86' lang='lat' dir='ltr'>quod</span> <span class='ocrx_word' id='word_1_41' title='bbox 1472 565 1597 601; x_wconf 86' lang='lat' dir='ltr'>inter-</span> 
     </span>
     <span class='ocr_line' id='line_1_6' title="bbox 170 627 1598 684; baseline -0.001 -17"><span class='ocrx_word' id='word_1_42' title='bbox 170 629 307 667; x_wconf 79' lang='lat' dir='ltr'><strong>cidisse</strong></span> <span class='ocrx_word' id='word_1_43' title='bbox 327 629 497 678; x_wconf 80' lang='lat' dir='ltr'>videtur,</span> <span class='ocrx_word' id='word_1_44' title='bbox 529 629 706 681; x_wconf 86' lang='lat' dir='ltr'>despero.</span> <span class='ocrx_word' id='word_1_45' title='bbox 754 628 826 669; x_wconf 81' lang='lat' dir='ltr'>Est</span> <span class='ocrx_word' id='word_1_46' title='bbox 842 631 943 668; x_wconf 84' lang='lat' dir='ltr'>illud</span> <span class='ocrx_word' id='word_1_47' title='bbox 957 629 1087 681; x_wconf 66' lang='lat' dir='ltr'>valde,</span> <span class='ocrx_word' id='word_1_48' title='bbox 1116 631 1224 684; x_wconf 85' lang='lat' dir='ltr'>quod</span> <span class='ocrx_word' id='word_1_49' title='bbox 1245 645 1336 669; x_wconf 87' lang='lat' dir='ltr'>cum</span> <span class='ocrx_word' id='word_1_50' title='bbox 1356 630 1462 682; x_wconf 89' lang='lat' dir='ltr'>apud</span> <span class='ocrx_word' id='word_1_51' title='bbox 1481 627 1598 669; x_wconf 88' lang='lat' dir='ltr'>Cice-</span> 
     </span>
     <span class='ocr_line' id='line_1_7' title="bbox 168 696 1598 750; baseline 0 -16"><span class='ocrx_word' id='word_1_52' title='bbox 168 710 306 734; x_wconf 86' lang='lat' dir='ltr'>ronem</span> <span class='ocrx_word' id='word_1_53' title='bbox 330 696 545 733; x_wconf 84' lang='lat' dir='ltr'>admodum</span> <span class='ocrx_word' id='word_1_54' title='bbox 567 698 752 749; x_wconf 87' lang='lat' dir='ltr'><strong>frequens</strong></span> <span class='ocrx_word' id='word_1_55' title='bbox 780 699 848 744; x_wconf 90' lang='lat' dir='ltr'>sit,</span> <span class='ocrx_word' id='word_1_56' title='bbox 897 698 1003 750; x_wconf 84' lang='lat' dir='ltr'>apud</span> <span class='ocrx_word' id='word_1_57' title='bbox 1022 696 1322 747; x_wconf 71' lang='lat' dir='ltr'>Quintilianum</span> <span class='ocrx_word' id='word_1_58' title='bbox 1345 711 1428 735; x_wconf 84' lang='lat' dir='ltr'>nou</span> <span class='ocrx_word' id='word_1_59' title='bbox 1451 698 1598 748; x_wconf 78' lang='lat' dir='ltr'>legitur</span> 
     </span>
     <span class='ocr_line' id='line_1_8' title="bbox 167 761 1595 816; baseline 0.001 -16"><span class='ocrx_word' id='word_1_60' title='bbox 167 765 244 800; x_wconf 82' lang='lat' dir='ltr'>nisi</span> <span class='ocrx_word' id='word_1_61' title='bbox 266 776 345 801; x_wconf 88' lang='lat' dir='ltr'>uno</span> <span class='ocrx_word' id='word_1_62' title='bbox 366 772 406 801; x_wconf 85' lang='lat' dir='ltr'>et</span> <span class='ocrx_word' id='word_1_63' title='bbox 427 765 548 801; x_wconf 84' lang='lat' dir='ltr'>altero</span> <span class='ocrx_word' id='word_1_64' title='bbox 569 764 668 802; x_wconf 89' lang='lat' dir='ltr'>loco.</span> <span class='ocrx_word' id='word_1_65' title='bbox 699 761 943 802; x_wconf 77' lang='lat' dir='ltr'>Litterarum</span> <span class='ocrx_word' id='word_1_66' title='bbox 965 766 1267 806; x_wconf 49' lang='lat' dir='ltr'>similitudinem</span> <span class='ocrx_word' id='word_1_67' title='bbox 1291 766 1376 803; x_wconf 88' lang='lat' dir='ltr'>noli</span> <span class='ocrx_word' id='word_1_68' title='bbox 1396 771 1595 816; x_wconf 83' lang='lat' dir='ltr'>expetere,</span> 
     </span>
     <span class='ocr_line' id='line_1_9' title="bbox 166 830 1594 884; baseline 0.001 -17"><span class='ocrx_word' id='word_1_69' title='bbox 166 832 358 883; x_wconf 84' lang='lat' dir='ltr'>quoniam</span> <span class='ocrx_word' id='word_1_70' title='bbox 388 832 537 868; x_wconf 81' lang='lat' dir='ltr'>librarii</span> <span class='ocrx_word' id='word_1_71' title='bbox 565 832 682 883; x_wconf 83' lang='lat' dir='ltr'>culpa</span> <span class='ocrx_word' id='word_1_72' title='bbox 706 833 913 870; x_wconf 82' lang='lat' dir='ltr'>manifesta</span> <span class='ocrx_word' id='word_1_73' title='bbox 941 840 1011 872; x_wconf 78' lang='lat' dir='ltr'>est.</span> <span class='ocrx_word' id='word_1_74' title='bbox 1127 834 1251 884; x_wconf 79' lang='lat' dir='ltr'>aniig.</span> <span class='ocrx_word' id='word_1_75' title='bbox 1291 830 1417 871; x_wconf 70' lang='lat' dir='ltr'>Aan.</span> <span class='ocrx_word' id='word_1_76' title='bbox 1441 839 1480 870; x_wconf 80' lang='lat' dir='ltr'>et</span> <span class='ocrx_word' id='word_1_77' title='bbox 1499 830 1542 869; x_wconf 89' lang='lat' dir='ltr'>h.</span> <span class='ocrx_word' id='word_1_78' title='bbox 1564 832 1594 869; x_wconf 91' lang='lat' dir='ltr'>l.</span> 
     </span>
     <span class='ocr_line' id='line_1_10' title="bbox 166 895 877 951; baseline 0.007 -18"><span class='ocrx_word' id='word_1_79' title='bbox 166 904 210 934; x_wconf 93' lang='lat' dir='ltr'>ut</span> <span class='ocrx_word' id='word_1_80' title='bbox 237 910 354 949; x_wconf 87' lang='lat' dir='ltr'>supra</span> <span class='ocrx_word' id='word_1_81' title='bbox 383 899 451 937; x_wconf 80' lang='lat' dir='ltr'>lib.</span> <span class='ocrx_word' id='word_1_82' title='bbox 473 895 506 948; x_wconf 86' lang='lat' dir='ltr'>I,</span> <span class='ocrx_word' id='word_1_83' title='bbox 532 902 568 946; x_wconf 84' lang='grc'>6,</span> <span class='ocrx_word' id='word_1_84' title='bbox 593 898 646 938; x_wconf 89' lang='grc'>40</span> <span class='ocrx_word' id='word_1_85' title='bbox 670 901 877 951; x_wconf 73' lang='lat' dir='ltr'><strong><em>antegerio.</em></strong></span> 
     </span>
    </p>

    <p class='ocr_par' dir='ltr' id='par_1_3' title="bbox 156 963 1598 1558">
     <span class='ocr_line' id='line_1_11' title="bbox 277 963 1598 1018; baseline -0.002 -15"><span class='ocrx_word' id='word_1_86' title='bbox 277 965 312 1015; x_wconf 56' lang='grc' dir='ltr'>ᾗ.</span> <span class='ocrx_word' id='word_1_87' title='bbox 346 969 410 1004; x_wconf 83' lang='grc'>26.</span> <span class='ocrx_word' id='word_1_88' title='bbox 470 963 583 1004; x_wconf 75' lang='lat' dir='ltr'>labor</span> <span class='ocrx_word' id='word_1_89' title='bbox 608 980 692 1004; x_wconf 87' lang='lat' dir='ltr'>non</span> <span class='ocrx_word' id='word_1_90' title='bbox 723 969 914 1005; x_wconf 82' lang='lat' dir='ltr'>omissum</span> <span class='ocrx_word' id='word_1_91' title='bbox 943 969 986 1005; x_wconf 81' lang='lat' dir='ltr'>in</span> <span class='ocrx_word' id='word_1_92' title='bbox 1015 964 1140 1007; x_wconf 79' lang='lat' dir='ltr'>Amb.</span> <span class='ocrx_word' id='word_1_93' title='bbox 1180 965 1250 1005; x_wconf 83' lang='lat' dir='ltr'>sed</span> <span class='ocrx_word' id='word_1_94' title='bbox 1277 980 1347 1018; x_wconf 87' lang='lat' dir='ltr'>pro</span> <span class='ocrx_word' id='word_1_95' title='bbox 1377 979 1423 1003; x_wconf 89' lang='lat' dir='ltr'>eo</span> <span class='ocrx_word' id='word_1_96' title='bbox 1451 964 1598 1015; x_wconf 73' lang='lat' dir='ltr'>legitur</span> 
     </span>
     <span class='ocr_line' id='line_1_12' title="bbox 162 1030 1595 1087; baseline -0.001 -17"><span class='ocrx_word' id='word_1_97' title='bbox 162 1030 276 1085; x_wconf 77' lang='lat' dir='ltr'>quod.</span> <span class='ocrx_word' id='word_1_98' title='bbox 337 1031 418 1071; x_wconf 86' lang='lat' dir='ltr'>Sed</span> <span class='ocrx_word' id='word_1_99' title='bbox 448 1034 492 1070; x_wconf 87' lang='lat' dir='ltr'>in</span> <span class='ocrx_word' id='word_1_100' title='bbox 520 1031 596 1072; x_wconf 87' lang='lat' dir='ltr'>hoc</span> <span class='ocrx_word' id='word_1_101' title='bbox 625 1035 713 1071; x_wconf 92' lang='lat' dir='ltr'>loco</span> <span class='ocrx_word' id='word_1_102' title='bbox 741 1036 862 1072; x_wconf 85' lang='lat' dir='ltr'>etiam</span> <span class='ocrx_word' id='word_1_103' title='bbox 895 1048 939 1072; x_wconf 87' lang='lat' dir='ltr'>ea</span> <span class='ocrx_word' id='word_1_104' title='bbox 969 1043 1151 1087; x_wconf 81' lang='lat' dir='ltr'>corrupta</span> <span class='ocrx_word' id='word_1_105' title='bbox 1179 1041 1292 1081; x_wconf 82' lang='lat' dir='ltr'>sunt,</span> <span class='ocrx_word' id='word_1_106' title='bbox 1343 1046 1445 1086; x_wconf 87' lang='lat' dir='ltr'>quae</span> <span class='ocrx_word' id='word_1_107' title='bbox 1473 1033 1595 1083; x_wconf 79' lang='lat' dir='ltr'>vulgo</span> 
     </span>
     <span class='ocr_line' id='line_1_13' title="bbox 161 1096 1596 1154; baseline -0.001 -15"><span class='ocrx_word' id='word_1_108' title='bbox 161 1113 258 1139; x_wconf 85' lang='lat' dir='ltr'>sana</span> <span class='ocrx_word' id='word_1_109' title='bbox 277 1101 477 1150; x_wconf 79' lang='lat' dir='ltr'>videntur,</span> <span class='ocrx_word' id='word_1_110' title='bbox 505 1114 638 1154; x_wconf 86' lang='lat' dir='ltr'>neque</span> <span class='ocrx_word' id='word_1_111' title='bbox 658 1103 766 1139; x_wconf 87' lang='lat' dir='ltr'>enim</span> <span class='ocrx_word' id='word_1_112' title='bbox 785 1111 939 1140; x_wconf 75' lang='lat' dir='ltr'>autumo</span> <span class='ocrx_word' id='word_1_113' title='bbox 956 1103 1162 1141; x_wconf 80' lang='lat' dir='ltr'>tolerabile</span> <span class='ocrx_word' id='word_1_114' title='bbox 1180 1109 1259 1149; x_wconf 83' lang='lat' dir='ltr'>est,</span> <span class='ocrx_word' id='word_1_115' title='bbox 1290 1114 1368 1154; x_wconf 91' lang='lat' dir='ltr'>quo</span> <span class='ocrx_word' id='word_1_116' title='bbox 1386 1114 1438 1137; x_wconf 85' lang='lat' dir='ltr'>ne</span> <span class='ocrx_word' id='word_1_117' title='bbox 1456 1096 1596 1138; x_wconf 85' lang='lat' dir='ltr'>Cicero</span> 
     </span>
     <span class='ocr_line' id='line_1_14' title="bbox 161 1166 1593 1221; baseline 0 -15"><span class='ocrx_word' id='word_1_118' title='bbox 161 1168 322 1221; x_wconf 81' lang='lat' dir='ltr'>quidem</span> <span class='ocrx_word' id='word_1_119' title='bbox 349 1170 483 1206; x_wconf 75' lang='lat' dir='ltr'>utitur.</span> <span class='ocrx_word' id='word_1_120' title='bbox 542 1166 680 1207; x_wconf 81' lang='lat' dir='ltr'>Scribe</span> <span class='ocrx_word' id='word_1_121' title='bbox 708 1171 788 1209; x_wconf 87' lang='lat' dir='ltr'>sic:</span> <span class='ocrx_word' id='word_1_122' title='bbox 830 1184 918 1208; x_wconf 86' lang='lat' dir='ltr'>reor</span> <span class='ocrx_word' id='word_1_123' title='bbox 932 1171 1160 1218; x_wconf 78' lang='lat' dir='ltr'>tolerabile,</span> <span class='ocrx_word' id='word_1_124' title='bbox 1202 1178 1356 1207; x_wconf 78' lang='lat' dir='ltr'>autumo</span> <span class='ocrx_word' id='word_1_125' title='bbox 1377 1168 1593 1219; x_wconf 81' lang='lat' dir='ltr'>tragicum:</span> 
     </span>
     <span class='ocr_line' id='line_1_15' title="bbox 156 1232 1596 1290; baseline 0 -19"><span class='ocrx_word' id='word_1_126' title='bbox 156 1233 306 1287; x_wconf 80' lang='lat' dir='ltr'>prolem</span> <span class='ocrx_word' id='word_1_127' title='bbox 345 1236 519 1275; x_wconf 80' lang='lat' dir='ltr'>dicemus</span> <span class='ocrx_word' id='word_1_128' title='bbox 558 1238 601 1273; x_wconf 85' lang='lat' dir='ltr'>in</span> <span class='ocrx_word' id='word_1_129' title='bbox 634 1251 772 1285; x_wconf 87' lang='lat' dir='ltr'>versu,</span> <span class='ocrx_word' id='word_1_130' title='bbox 822 1236 891 1275; x_wconf 87' lang='lat' dir='ltr'>sed</span> <span class='ocrx_word' id='word_1_131' title='bbox 915 1239 1106 1290; x_wconf 78' lang='lat' dir='ltr'>prosapia</span> <span class='ocrx_word' id='word_1_132' title='bbox 1135 1237 1340 1274; x_wconf 70' lang='lat' dir='ltr'>insulslun.</span> <span class='ocrx_word' id='word_1_133' title='bbox 1408 1232 1596 1287; x_wconf 87' lang='lat' dir='ltr'>Superest</span> 
     </span>
     <span class='ocr_line' id='line_1_16' title="bbox 160 1301 1598 1358; baseline 0.002 -18"><span class='ocrx_word' id='word_1_134' title='bbox 160 1301 265 1355; x_wconf 75' lang='lat' dir='ltr'>quod</span> <span class='ocrx_word' id='word_1_135' title='bbox 285 1302 455 1342; x_wconf 71' lang='lat' dir='ltr'>ort-idum</span> <span class='ocrx_word' id='word_1_136' title='bbox 479 1305 520 1341; x_wconf 90' lang='lat' dir='ltr'>in</span> <span class='ocrx_word' id='word_1_137' title='bbox 542 1305 682 1356; x_wconf 86' lang='lat' dir='ltr'>quibus</span> <span class='ocrx_word' id='word_1_138' title='bbox 701 1305 860 1352; x_wconf 73' lang='lat' dir='ltr'>litteris,</span> <span class='ocrx_word' id='word_1_139' title='bbox 899 1306 977 1343; x_wconf 86' lang='lat' dir='ltr'>nisi</span> <span class='ocrx_word' id='word_1_140' title='bbox 999 1304 1096 1358; x_wconf 85' lang='lat' dir='ltr'>quid</span> <span class='ocrx_word' id='word_1_141' title='bbox 1116 1304 1317 1343; x_wconf 80' lang='lat' dir='ltr'>intercidit</span> <span class='ocrx_word' id='word_1_142' title='bbox 1331 1333 1341 1353; x_wconf 89' lang='lat'>‚</span> <span class='ocrx_word' id='word_1_143' title='bbox 1371 1303 1468 1341; x_wconf 83' lang='lat' dir='ltr'>latet</span> <span class='ocrx_word' id='word_1_144' title='bbox 1488 1301 1598 1354; x_wconf 75' lang='lat' dir='ltr'>quod</span> 
     </span>
     <span class='ocr_line' id='line_1_17' title="bbox 158 1367 1591 1425; baseline 0 -18"><span class='ocrx_word' id='word_1_145' title='bbox 158 1384 230 1422; x_wconf 84' lang='lat' dir='ltr'>pro</span> <span class='ocrx_word' id='word_1_146' title='bbox 270 1372 461 1408; x_wconf 80' lang='lat' dir='ltr'>aerumnis</span> <span class='ocrx_word' id='word_1_147' title='bbox 500 1373 564 1410; x_wconf 78' lang='lat' dir='ltr'>vel</span> <span class='ocrx_word' id='word_1_148' title='bbox 601 1386 671 1423; x_wconf 85' lang='lat' dir='ltr'>pro</span> <span class='ocrx_word' id='word_1_149' title='bbox 712 1387 938 1410; x_wconf 81' lang='lat' dir='ltr'>aerumnoso</span> <span class='ocrx_word' id='word_1_150' title='bbox 979 1369 1152 1425; x_wconf 78' lang='lat' dir='ltr'>Quintil.</span> <span class='ocrx_word' id='word_1_151' title='bbox 1193 1371 1271 1409; x_wconf 88' lang='lat' dir='ltr'>dici</span> <span class='ocrx_word' id='word_1_152' title='bbox 1299 1372 1426 1408; x_wconf 82' lang='lat' dir='ltr'>malit.</span> <span class='ocrx_word' id='word_1_153' title='bbox 1483 1367 1516 1408; x_wconf 86' lang='lat' dir='ltr'>F</span> <span class='ocrx_word' id='word_1_154' title='bbox 1519 1376 1591 1407; x_wconf 82' lang='lat' dir='ltr'>ort.</span> 
     </span>
     <span class='ocr_line' id='line_1_18' title="bbox 159 1435 1595 1492; baseline -0.001 -17"><span class='ocrx_word' id='word_1_155' title='bbox 159 1452 508 1476; x_wconf 81' lang='lat' dir='ltr'>aerumnosum</span> <span class='ocrx_word' id='word_1_156' title='bbox 533 1437 626 1490; x_wconf 73' lang='lat' dir='ltr'>quid</span> <span class='ocrx_word' id='word_1_157' title='bbox 655 1453 749 1490; x_wconf 84' lang='lat' dir='ltr'>opus</span> <span class='ocrx_word' id='word_1_158' title='bbox 777 1437 866 1479; x_wconf 76' lang='lat' dir='ltr'>est?</span> <span class='ocrx_word' id='word_1_159' title='bbox 913 1448 1112 1492; x_wconf 65' lang='lat' dir='ltr'>tamquam</span> <span class='ocrx_word' id='word_1_160' title='bbox 1135 1454 1274 1492; x_wconf 84' lang='lat' dir='ltr'>parum</span> <span class='ocrx_word' id='word_1_161' title='bbox 1304 1439 1355 1476; x_wconf 81' lang='lat' dir='ltr'>sit</span> <span class='ocrx_word' id='word_1_162' title='bbox 1384 1439 1420 1475; x_wconf 80' lang='lat' dir='ltr'>si</span> <span class='ocrx_word' id='word_1_163' title='bbox 1437 1435 1595 1476; x_wconf 76' lang='lat' dir='ltr'>dicatur</span> 
     </span>
     <span class='ocr_line' id='line_1_19' title="bbox 156 1503 533 1558; baseline 0.003 -16"><span class='ocrx_word' id='word_1_164' title='bbox 156 1503 253 1558; x_wconf 66' lang='lat' dir='ltr'>quill</span> <span class='ocrx_word' id='word_1_165' title='bbox 283 1506 533 1543; x_wconf 73' lang='lat' dir='ltr'>miserum.</span> 
     </span>
    </p>

    <p class='ocr_par' dir='ltr' id='par_1_4' title="bbox 269 1570 1178 1623">
     <span class='ocr_line' id='line_1_20' title="bbox 269 1570 1178 1623; baseline -0.001 -12"><span class='ocrx_word' id='word_1_166' title='bbox 269 1573 306 1623; x_wconf 65' lang='grc' dir='ltr'>ξ.</span> <span class='ocrx_word' id='word_1_167' title='bbox 338 1575 405 1611; x_wconf 83' lang='grc'>27.</span> <span class='ocrx_word' id='word_1_168' title='bbox 465 1574 580 1610; x_wconf 76' lang='lat' dir='ltr'>etiam</span> <span class='ocrx_word' id='word_1_169' title='bbox 601 1588 680 1612; x_wconf 81' lang='lat' dir='ltr'>nec.</span> <span class='ocrx_word' id='word_1_170' title='bbox 733 1570 858 1611; x_wconf 85' lang='lat' dir='ltr'>Amb.</span> <span class='ocrx_word' id='word_1_171' title='bbox 891 1581 926 1610; x_wconf 79' lang='lat' dir='ltr'>et</span> <span class='ocrx_word' id='word_1_172' title='bbox 948 1575 1178 1611; x_wconf 72' lang='lat' dir='ltr'>necessarioa</span> 
     </span>
    </p>

    <p class='ocr_par' dir='ltr' id='par_1_5' title="bbox 271 1628 1590 1692">
     <span class='ocr_line' id='line_1_21' title="bbox 271 1628 1590 1692; baseline -0.001 -14"><span class='ocrx_word' id='word_1_173' title='bbox 271 1641 306 1690; x_wconf 83' lang='lat'>§.</span> <span class='ocrx_word' id='word_1_174' title='bbox 341 1643 406 1678; x_wconf 80' lang='lat'>28.</span> <span class='ocrx_word' id='word_1_175' title='bbox 465 1641 544 1677; x_wconf 73' lang='lat' dir='ltr'>mire</span> <span class='ocrx_word' id='word_1_176' title='bbox 565 1638 608 1678; x_wconf 83' lang='grc' dir='ltr'>(ιῖ</span> <span class='ocrx_word' id='word_1_177' title='bbox 625 1641 772 1692; x_wconf 77' lang='lat' dir='ltr'>spinae.</span> <span class='ocrx_word' id='word_1_178' title='bbox 809 1637 931 1678; x_wconf 86' lang='lat' dir='ltr'>Amb.</span> <span class='ocrx_word' id='word_1_179' title='bbox 954 1641 1137 1677; x_wconf 68' lang='lat' dir='ltr'>enim-et</span> <span class='ocrx_word' id='word_1_180' title='bbox 1154 1640 1291 1691; x_wconf 72' lang='lat' dir='ltr'>spinet,</span> <span class='ocrx_word' id='word_1_181' title='bbox 1311 1628 1421 1676; x_wconf 76' lang='lat' dir='ltr'>¹male</span> <span class='ocrx_word' id='word_1_182' title='bbox 1442 1635 1506 1676; x_wconf 77' lang='lat' dir='ltr'>illi</span> <span class='ocrx_word' id='word_1_183' title='bbox 1526 1638 1590 1677; x_wconf 74' lang='lat' dir='ltr'>sit.</span> 
     </span>
    </p>

    <p class='ocr_par' dir='ltr' id='par_1_6' title="bbox 155 1702 1619 1960">
     <span class='ocr_line' id='line_1_22' title="bbox 270 1702 1593 1759; baseline -0.004 -13"><span class='ocrx_word' id='word_1_184' title='bbox 270 1708 308 1757; x_wconf 85' lang='lat'>§.</span> <span class='ocrx_word' id='word_1_185' title='bbox 340 1711 401 1745; x_wconf 90' lang='lat'>30.</span> <span class='ocrx_word' id='word_1_186' title='bbox 461 1706 623 1758; x_wconf 76' lang='lat' dir='ltr'>aptabit.</span> <span class='ocrx_word' id='word_1_187' title='bbox 669 1705 814 1758; x_wconf 83' lang='lat' dir='ltr'>[Vulg.</span> <span class='ocrx_word' id='word_1_188' title='bbox 846 1708 997 1759; x_wconf 77' lang='lat' dir='ltr'>aptavit</span> <span class='ocrx_word' id='word_1_189' title='bbox 1027 1703 1170 1757; x_wconf 84' lang='lat' dir='ltr'>Georg.</span> <span class='ocrx_word' id='word_1_190' title='bbox 1191 1702 1295 1743; x_wconf 84' lang='lat' dir='ltr'>Lud.</span> <span class='ocrx_word' id='word_1_191' title='bbox 1315 1703 1531 1743; x_wconf 77' lang='lat' dir='ltr'>Walchius</span> <span class='ocrx_word' id='word_1_192' title='bbox 1547 1706 1593 1742; x_wconf 82' lang='lat' dir='ltr'>in</span> 
     </span>
     <span class='ocr_line' id='line_1_23' title="bbox 156 1770 1619 1827; baseline -0.004 -14"><span class='ocrx_word' id='word_1_193' title='bbox 156 1774 253 1813; x_wconf 79' lang='lat' dir='ltr'>edit.</span> <span class='ocrx_word' id='word_1_194' title='bbox 274 1773 370 1813; x_wconf 78' lang='lat' dir='ltr'>Tac.</span> <span class='ocrx_word' id='word_1_195' title='bbox 385 1771 573 1826; x_wconf 61' lang='lat' dir='ltr'>Auric.p.</span> <span class='ocrx_word' id='word_1_196' title='bbox 592 1777 668 1814; x_wconf 82' lang='lat'>105</span> <span class='ocrx_word' id='word_1_197' title='bbox 691 1776 803 1827; x_wconf 84' lang='lat' dir='ltr'>quasi</span> <span class='ocrx_word' id='word_1_198' title='bbox 821 1770 1021 1826; x_wconf 74' lang='grc' dir='ltr'>ἀορίστως</span> <span class='ocrx_word' id='word_1_199' title='bbox 1038 1774 1212 1825; x_wconf 88' lang='lat' dir='ltr'>positum</span> <span class='ocrx_word' id='word_1_200' title='bbox 1233 1771 1444 1809; x_wconf 79' lang='lat' dir='ltr'>defendere</span> <span class='ocrx_word' id='word_1_201' title='bbox 1469 1784 1593 1809; x_wconf 84' lang='lat' dir='ltr'>cona-</span> <span class='ocrx_word' id='word_1_202' title='bbox 1616 1812 1619 1814; x_wconf 12' lang='lat' dir='ltr'><em>J</em></span> 
     </span>
     <span class='ocr_line' id='line_1_24' title="bbox 155 1839 1592 1892; baseline -0.003 -11"><span class='ocrx_word' id='word_1_203' title='bbox 155 1850 218 1881; x_wconf 88' lang='lat' dir='ltr'>tus</span> <span class='ocrx_word' id='word_1_204' title='bbox 251 1850 319 1880; x_wconf 88' lang='lat' dir='ltr'>est.</span> <span class='ocrx_word' id='word_1_205' title='bbox 386 1840 467 1879; x_wconf 86' lang='lat' dir='ltr'>Sed</span> <span class='ocrx_word' id='word_1_206' title='bbox 494 1844 525 1880; x_wconf 88' lang='lat' dir='ltr'>is</span> <span class='ocrx_word' id='word_1_207' title='bbox 552 1850 639 1880; x_wconf 87' lang='lat' dir='ltr'>tum</span> <span class='ocrx_word' id='word_1_208' title='bbox 670 1843 788 1879; x_wconf 82' lang='lat' dir='ltr'>etiam</span> <span class='ocrx_word' id='word_1_209' title='bbox 818 1843 981 1879; x_wconf 77' lang='lat' dir='ltr'>arcessit</span> <span class='ocrx_word' id='word_1_210' title='bbox 1010 1848 1146 1878; x_wconf 82' lang='lat' dir='ltr'>contra</span> <span class='ocrx_word' id='word_1_211' title='bbox 1175 1853 1239 1878; x_wconf 88' lang='lat' dir='ltr'>eos</span> <span class='ocrx_word' id='word_1_212' title='bbox 1260 1839 1404 1888; x_wconf 78' lang='lat' dir='ltr'>libros,</span> <span class='ocrx_word' id='word_1_213' title='bbox 1447 1840 1592 1892; x_wconf 86' lang='lat' dir='ltr'>quibus</span> 
     </span>
     <span class='ocr_line' id='line_1_25' title="bbox 155 1905 1120 1960; baseline -0.004 -11"><span class='ocrx_word' id='word_1_214' title='bbox 155 1911 247 1949; x_wconf 84' lang='lat' dir='ltr'>solis</span> <span class='ocrx_word' id='word_1_215' title='bbox 273 1911 446 1949; x_wconf 74' lang='lat' dir='ltr'>veritatis</span> <span class='ocrx_word' id='word_1_216' title='bbox 471 1909 565 1947; x_wconf 81' lang='lat' dir='ltr'>fides</span> <span class='ocrx_word' id='word_1_217' title='bbox 587 1917 666 1959; x_wconf 84' lang='lat' dir='ltr'>est,</span> <span class='ocrx_word' id='word_1_218' title='bbox 707 1917 903 1960; x_wconf 83' lang='lat' dir='ltr'>praestare</span> <span class='ocrx_word' id='word_1_219' title='bbox 927 1905 1120 1957; x_wconf 69' lang='lat' dir='ltr'>debebit]</span> 
     </span>
    </p>

    <p class='ocr_par' dir='ltr' id='par_1_7' title="bbox 268 1973 1592 2030">
     <span class='ocr_line' id='line_1_26' title="bbox 268 1973 1592 2030; baseline -0.004 -15"><span class='ocrx_word' id='word_1_220' title='bbox 268 1977 303 2028; x_wconf 60' lang='grc' dir='ltr'>ξ.</span> <span class='ocrx_word' id='word_1_221' title='bbox 336 1978 400 2016; x_wconf 74' lang='grc'>34.</span> <span class='ocrx_word' id='word_1_222' title='bbox 458 1976 648 2030; x_wconf 71' lang='lat' dir='ltr'>quaedam</span> <span class='ocrx_word' id='word_1_223' title='bbox 664 1977 703 2014; x_wconf 81' lang='lat' dir='ltr'>in</span> <span class='ocrx_word' id='word_1_224' title='bbox 723 1992 804 2014; x_wconf 74' lang='lat' dir='ltr'>usu.</span> <span class='ocrx_word' id='word_1_225' title='bbox 840 1973 960 2014; x_wconf 82' lang='lat' dir='ltr'>Amb.</span> <span class='ocrx_word' id='word_1_226' title='bbox 980 1973 1167 2029; x_wconf 75' lang='lat' dir='ltr'>quac-(Iam</span> <span class='ocrx_word' id='word_1_227' title='bbox 1188 1983 1275 2013; x_wconf 78' lang='lat' dir='ltr'>sunt</span> <span class='ocrx_word' id='word_1_228' title='bbox 1296 1975 1335 2012; x_wconf 82' lang='grc' dir='ltr'>ἱη</span> <span class='ocrx_word' id='word_1_229' title='bbox 1352 1989 1444 2022; x_wconf 80' lang='lat' dir='ltr'>usu,</span> <span class='ocrx_word' id='word_1_230' title='bbox 1474 1974 1592 2011; x_wconf 83' lang='lat' dir='ltr'>bene.</span> 
     </span>
    </p>

    <p class='ocr_par' dir='ltr' id='par_1_8' title="bbox 153 2041 1592 2166">
     <span class='ocr_line' id='line_1_27' title="bbox 269 2041 1592 2095; baseline -0.004 -11"><span class='ocrx_word' id='word_1_231' title='bbox 269 2045 306 2094; x_wconf 84' lang='lat'>§.</span> <span class='ocrx_word' id='word_1_232' title='bbox 337 2048 401 2084; x_wconf 84' lang='lat'>37.</span> <span class='ocrx_word' id='word_1_233' title='bbox 459 2043 511 2082; x_wconf 82' lang='lat' dir='ltr'>Et</span> <span class='ocrx_word' id='word_1_234' title='bbox 534 2047 580 2083; x_wconf 81' lang='lat' dir='ltr'>si.</span> <span class='ocrx_word' id='word_1_235' title='bbox 626 2042 750 2082; x_wconf 85' lang='lat' dir='ltr'>Amb.</span> <span class='ocrx_word' id='word_1_236' title='bbox 781 2041 860 2080; x_wconf 74' lang='lat' dir='ltr'>Sed</span> <span class='ocrx_word' id='word_1_237' title='bbox 879 2045 927 2082; x_wconf 83' lang='lat' dir='ltr'>si.</span> <span class='ocrx_word' id='word_1_238' title='bbox 1031 2041 1206 2095; x_wconf 76' lang='lat' dir='ltr'>proderit</span> <span class='ocrx_word' id='word_1_239' title='bbox 1230 2057 1328 2095; x_wconf 80' lang='lat' dir='ltr'>quae</span> <span class='ocrx_word' id='word_1_240' title='bbox 1345 2065 1401 2071; x_wconf 91' lang='lat'>—-</span> <span class='ocrx_word' id='word_1_241' title='bbox 1416 2049 1592 2094; x_wconf 78' lang='lat' dir='ltr'>possunt.</span> 
     </span>
     <span class='ocr_line' id='line_1_28' title="bbox 153 2109 1591 2166; baseline -0.005 -15"><span class='ocrx_word' id='word_1_242' title='bbox 153 2110 278 2151; x_wconf 85' lang='lat' dir='ltr'>Amb.</span> <span class='ocrx_word' id='word_1_243' title='bbox 312 2111 546 2166; x_wconf 76' lang='lat' dir='ltr'>proderunt,</span> <span class='ocrx_word' id='word_1_244' title='bbox 605 2109 774 2165; x_wconf 74' lang='lat' dir='ltr'>nihilque</span> <span class='ocrx_word' id='word_1_245' title='bbox 821 2125 896 2149; x_wconf 84' lang='lat' dir='ltr'>non</span> <span class='ocrx_word' id='word_1_246' title='bbox 941 2119 1023 2149; x_wconf 68' lang='lat' dir='ltr'>tuto</span> <span class='ocrx_word' id='word_1_247' title='bbox 1057 2109 1148 2148; x_wconf 76' lang='lat' dir='ltr'><em>‘dici</em></span> <span class='ocrx_word' id='word_1_248' title='bbox 1190 2118 1338 2163; x_wconf 71' lang='lat' dir='ltr'>potest,</span> <span class='ocrx_word' id='word_1_249' title='bbox 1399 2121 1591 2161; x_wconf 86' lang='lat' dir='ltr'>perquam</span> 
     </span>
    </p>
   </div>
   <div class='ocr_carea' id='block_1_3' title="bbox 155 2189 1589 2301">
    <p class='ocr_par' dir='ltr' id='par_1_9' title="bbox 155 2189 1589 2301">
     <span class='ocr_line' id='line_1_29' title="bbox 155 2189 390 2232; baseline 0.004 -13"><span class='ocrx_word' id='word_1_250' title='bbox 155 2189 390 2232; x_wconf 84' lang='lat' dir='ltr'>opportune.</span> 
     </span>
     <span class='ocr_line' id='line_1_30' title="bbox 268 2240 1589 2301; baseline -0.005 -15"><span class='ocrx_word' id='word_1_251' title='bbox 268 2248 304 2298; x_wconf 88' lang='lat'>§.</span> <span class='ocrx_word' id='word_1_252' title='bbox 334 2248 402 2287; x_wconf 84' lang='lat'>42.</span> <span class='ocrx_word' id='word_1_253' title='bbox 457 2244 545 2301; x_wconf 80' lang='lat' dir='ltr'>plus</span> <span class='ocrx_word' id='word_1_254' title='bbox 563 2247 801 2284; x_wconf 80' lang='lat' dir='ltr'>minusve—</span> <span class='ocrx_word' id='word_1_255' title='bbox 820 2243 939 2283; x_wconf 73' lang='lat' dir='ltr'>dccet.</span> <span class='ocrx_word' id='word_1_256' title='bbox 967 2241 1092 2284; x_wconf 83' lang='lat' dir='ltr'>Amb.</span> <span class='ocrx_word' id='word_1_257' title='bbox 1112 2242 1200 2299; x_wconf 78' lang='lat' dir='ltr'>plus</span> <span class='ocrx_word' id='word_1_258' title='bbox 1220 2245 1336 2282; x_wconf 79' lang='lat' dir='ltr'>nimis</span> <span class='ocrx_word' id='word_1_259' title='bbox 1354 2251 1409 2280; x_wconf 83' lang='lat' dir='ltr'>est</span> <span class='ocrx_word' id='word_1_260' title='bbox 1430 2240 1589 2280; x_wconf 74' lang='lat' dir='ltr'>dictum.</span> 
     </span>
    </p>
   </div>
   <div class='ocr_carea' id='block_1_4' title="bbox 268 2309 1313 2368">
    <p class='ocr_par' dir='ltr' id='par_1_10' title="bbox 268 2309 1313 2368">
     <span class='ocr_line' id='line_1_31' title="bbox 268 2309 1313 2368; baseline -0.005 -15"><span class='ocrx_word' id='word_1_261' title='bbox 268 2316 302 2366; x_wconf 57' lang='grc' dir='ltr'>ᾧ.</span> <span class='ocrx_word' id='word_1_262' title='bbox 333 2315 402 2354; x_wconf 81' lang='grc'>43.</span> <span class='ocrx_word' id='word_1_263' title='bbox 461 2314 510 2353; x_wconf 80' lang='lat' dir='ltr'>ab</span> <span class='ocrx_word' id='word_1_264' title='bbox 537 2316 624 2368; x_wconf 80' lang='lat' dir='ltr'>ipsa</span> <span class='ocrx_word' id='word_1_265' title='bbox 646 2314 798 2352; x_wconf 80' lang='lat' dir='ltr'>actione</span> <span class='ocrx_word' id='word_1_266' title='bbox 818 2314 960 2351; x_wconf 86' lang='lat' dir='ltr'>absunt</span> <span class='ocrx_word' id='word_1_267' title='bbox 979 2314 1097 2351; x_wconf 76' lang='lat' dir='ltr'>etiam</span> <span class='ocrx_word' id='word_1_268' title='bbox 1120 2313 1166 2350; x_wconf 85' lang='lat' dir='ltr'>ab</span> <span class='ocrx_word' id='word_1_269' title='bbox 1188 2309 1313 2350; x_wconf 87' lang='lat' dir='ltr'>Amb.</span> 
     </span>
    </p>
   </div>
   <div class='ocr_carea' id='block_1_5' title="bbox 155 2378 1589 2568">
    <p class='ocr_par' dir='ltr' id='par_1_11' title="bbox 155 2378 1589 2568">
     <span class='ocr_line' id='line_1_32' title="bbox 267 2378 923 2435; baseline -0.005 -15"><span class='ocrx_word' id='word_1_270' title='bbox 267 2385 302 2435; x_wconf 83' lang='lat'>§.</span> <span class='ocrx_word' id='word_1_271' title='bbox 337 2383 406 2421; x_wconf 82' lang='grc'>44.</span> <span class='ocrx_word' id='word_1_272' title='bbox 465 2381 616 2421; x_wconf 78' lang='lat' dir='ltr'>bellum.</span> <span class='ocrx_word' id='word_1_273' title='bbox 665 2378 790 2419; x_wconf 88' lang='lat' dir='ltr'>Amb.</span> <span class='ocrx_word' id='word_1_274' title='bbox 813 2378 923 2418; x_wconf 78' lang='lat' dir='ltr'>bella.</span> 
     </span>
     <span class='ocr_line' id='line_1_33' title="bbox 268 2444 1589 2504; baseline -0.008 -13"><span class='ocrx_word' id='word_1_275' title='bbox 268 2452 303 2502; x_wconf 64' lang='grc' dir='ltr'>ξ.</span> <span class='ocrx_word' id='word_1_276' title='bbox 337 2452 403 2490; x_wconf 86' lang='grc'>45.</span> <span class='ocrx_word' id='word_1_277' title='bbox 461 2448 698 2504; x_wconf 69' lang='lat' dir='ltr'>pracfimcla.</span> <span class='ocrx_word' id='word_1_278' title='bbox 729 2446 861 2486; x_wconf 78' lang='lat' dir='ltr'>Etiam</span> <span class='ocrx_word' id='word_1_279' title='bbox 872 2445 997 2486; x_wconf 86' lang='lat' dir='ltr'>Amb.</span> <span class='ocrx_word' id='word_1_280' title='bbox 1009 2444 1209 2503; x_wconf 68' lang='lat' dir='ltr'>praefata,</span> <span class='ocrx_word' id='word_1_281' title='bbox 1229 2445 1299 2483; x_wconf 87' lang='lat' dir='ltr'>sed</span> <span class='ocrx_word' id='word_1_282' title='bbox 1317 2459 1408 2483; x_wconf 88' lang='lat' dir='ltr'>cum</span> <span class='ocrx_word' id='word_1_283' title='bbox 1425 2444 1589 2492; x_wconf 86' lang='lat' dir='ltr'>lineola,</span> 
     </span>
     <span class='ocr_line' id='line_1_34' title="bbox 155 2510 1588 2568; baseline -0.007 -10"><span class='ocrx_word' id='word_1_284' title='bbox 155 2521 405 2558; x_wconf 77' lang='lat' dir='ltr'>correctionis</span> <span class='ocrx_word' id='word_1_285' title='bbox 430 2518 584 2568; x_wconf 83' lang='lat' dir='ltr'>indice,</span> <span class='ocrx_word' id='word_1_286' title='bbox 624 2518 695 2555; x_wconf 89' lang='lat' dir='ltr'>sub</span> <span class='ocrx_word' id='word_1_287' title='bbox 719 2517 904 2554; x_wconf 79' lang='lat' dir='ltr'>extremis</span> <span class='ocrx_word' id='word_1_288' title='bbox 924 2517 1095 2568; x_wconf 78' lang='lat' dir='ltr'>syllabis.</span> <span class='ocrx_word' id='word_1_289' title='bbox 1193 2523 1257 2552; x_wconf 81' lang='lat' dir='ltr'>aut</span> <span class='ocrx_word' id='word_1_290' title='bbox 1280 2515 1420 2552; x_wconf 79' lang='lat' dir='ltr'>contin.</span> <span class='ocrx_word' id='word_1_291' title='bbox 1462 2510 1588 2551; x_wconf 86' lang='lat' dir='ltr'>Amb.</span> 
     </span>
    </p>
   </div>
   <div class='ocr_carea' id='block_1_6' title="bbox 157 2595 1130 2772">
    <p class='ocr_par' dir='ltr' id='par_1_12' title="bbox 157 2595 1130 2772">
     <span class='ocr_line' id='line_1_35' title="bbox 157 2595 441 2625; baseline -0.004 0"><span class='ocrx_word' id='word_1_292' title='bbox 157 2597 222 2625; x_wconf 77' lang='lat' dir='ltr'>aut</span> <span class='ocrx_word' id='word_1_293' title='bbox 245 2603 315 2625; x_wconf 81' lang='lat' dir='ltr'>non</span> <span class='ocrx_word' id='word_1_294' title='bbox 340 2595 441 2625; x_wconf 77' lang='lat' dir='ltr'>coni.</span> 
     </span>
     <span class='ocr_line' id='line_1_36' title="bbox 270 2647 971 2702; baseline -0.004 -11"><span class='ocrx_word' id='word_1_295' title='bbox 270 2654 303 2702; x_wconf 59' lang='grc' dir='ltr'>ξ.</span> <span class='ocrx_word' id='word_1_296' title='bbox 334 2655 400 2691; x_wconf 71' lang='grc'>46.</span> <span class='ocrx_word' id='word_1_297' title='bbox 460 2652 592 2691; x_wconf 73' lang='lat' dir='ltr'>Aliae.</span> <span class='ocrx_word' id='word_1_298' title='bbox 638 2650 761 2689; x_wconf 79' lang='lat' dir='ltr'>Aan,</span> <span class='ocrx_word' id='word_1_299' title='bbox 786 2647 971 2702; x_wconf 76' lang='lat' dir='ltr'>aliaeque.</span> 
     </span>
     <span class='ocr_line' id='line_1_37' title="bbox 269 2714 1130 2772; baseline -0.006 -14"><span class='ocrx_word' id='word_1_300' title='bbox 269 2724 304 2771; x_wconf 63' lang='grc' dir='ltr'>ξ.</span> <span class='ocrx_word' id='word_1_301' title='bbox 337 2722 399 2759; x_wconf 71' lang='lat'>48.</span> <span class='ocrx_word' id='word_1_302' title='bbox 457 2718 562 2772; x_wconf 72' lang='lat' dir='ltr'>quod</span> <span class='ocrx_word' id='word_1_303' title='bbox 582 2717 758 2757; x_wconf 77' lang='lat' dir='ltr'>alterum.</span> <span class='ocrx_word' id='word_1_304' title='bbox 809 2714 932 2755; x_wconf 71' lang='lat' dir='ltr'>Aan.</span> <span class='ocrx_word' id='word_1_305' title='bbox 955 2718 1046 2770; x_wconf 79' lang='lat' dir='ltr'>quia</span> <span class='ocrx_word' id='word_1_306' title='bbox 1064 2715 1130 2754; x_wconf 71' lang='grc' dir='ltr'>αἷί.</span> 
     </span>
    </p>
   </div>
  </div>
 </body>
</html>
