1775 3091
175 236 257 275 390
624 236 731 293 Supp
737 236 898 278 lementa
937 239 1201 279 annotationis

289 346 326 397 §·
359 352 400 389 9.
455 347 681 403 intelligere.
730 348 797 391 Sic
820 352 939 390 etiam
957 348 1083 392 Amb.
1108 356 1147 392 1.
1230 361 1311 392 tam
1333 356 1449 394 enim.
1490 351 1618 395 Amb.

180 416 235 465 1.‚
260 414 331 454 sed
351 430 373 454 a
396 425 634 467 correctore,
663 428 697 457 et
717 428 811 459 tam.

287 483 324 534 §.
355 488 421 523 10.
479 483 585 524 Sunt
605 484 705 525 haec
725 487 889 541 quidem
906 487 1085 538 minuta,
1127 500 1203 527 nec
1220 495 1357 528 tamen
1377 489 1618 542 negligenda

177 548 337 589 videtur
361 549 486 591 Amb.
512 555 548 590 1.
577 555 771 607 scriptura
801 565 836 593 ct
859 570 955 609 quac
972 569 1161 609 quamque
1177 553 1314 596 multa.

291 617 328 666 §.
361 621 426 656 11.
485 616 610 659 altero
643 638 716 675 quo
755 624 875 661 etiam
904 619 1027 662 Amb.
1063 627 1100 662 1.
1215 625 1285 663 vit.
1318 623 1436 665 simil.
1462 627 1618 678 gratia.

176 678 301 723 Amb.
323 687 358 722 1.
376 686 447 724 vit.
467 687 554 726 sim.
578 690 729 728 ratione
753 705 827 743 quo
851 689 1054 744 loquimur.

287 749 323 801 §.
357 754 423 792 12.
480 751 575 795 clici.
620 753 743 795 Amb.
765 761 803 798 1.
835 755 1010 807 dicitur,
1052 758 1162 812 quod
1189 757 1300 797 haud
1330 759 1449 798 dubie
1479 773 1620 799 verum

175 823 244 856 est.
355 821 595 862 existimarit
624 822 748 865 Paris.
784 829 823 866 1.
848 831 887 867 2.
920 822 1043 866 Amb.
1065 831 1129 876 2.,
1169 825 1240 865 sed
1268 824 1393 867 Amb.
1418 831 1456 866 1.
1477 828 1623 865 existi·-

172 884 311 924 mavit.

286 953 323 1004 §.
357 958 422 995 13.
480 967 683 999 mutarum.
743 959 810 1000 Sic
839 976 996 1013 prprsus
1022 959 1148 1001 Amb.
1180 965 1220 1000 1.

287 1020 324 1069 §.
358 1022 424 1063 14.
485 1025 639 1067 Zoilus.
694 1025 816 1070 Amb.
842 1033 879 1069 1.
917 1027 1118 1068 theodulus
1149 1042 1201 1068 ex
1228 1036 1391 1070 correct.
1426 1026 1548 1068 Amb.
1578 1034 1619 1070 2.

173 1092 213 1124 et
228 1083 351 1129 Paris.
376 1094 415 1131 1.
438 1091 598 1143 Zoilus,
636 1093 762 1137 Paris.
784 1102 825 1139 2.
860 1095 1012 1136 Caelius
1038 1096 1229 1136 exhibere
1249 1097 1475 1137 traduntur.

285 1158 323 1207 §·
355 1161 422 1201 15.
482 1162 567 1215 ipso
587 1161 666 1204 div.
711 1162 839 1205 Amb.
866 1169 903 1204 1.
924 1167 1030 1219 ipsas
1051 1164 1133 1206 div.
1245 1181 1410 1220 quarum
1428 1162 1555 1205 Amb.
1579 1168 1617 1204 1.

172 1221 332 1264 videtur
346 1229 474 1279 tueri,
515 1246 676 1284 quorum
698 1235 815 1272 estin
834 1231 958 1273 Paris.
983 1237 1020 1273 1.
1045 1238 1084 1274 2.

284 1292 320 1343 §.
354 1297 420 1334 16.
480 1307 515 1335 et
533 1297 665 1338 eadem
688 1323 744 1329 ——
764 1302 886 1356 etfig.
936 1299 1003 1341 Sic
1029 1315 1187 1354 prorsus
1205 1299 1337 1342 Paris.
1369 1304 1408 1341 1.
1428 1305 1468 1341 2.
1500 1298 1621 1339 exhi-

171 1356 265 1396 bere
295 1359 495 1403 dicuntur.
548 1363 672 1408 Amb.
698 1372 734 1408 1.
770 1379 812 1407 ut
843 1367 976 1408 cadem
1002 1392 1059 1399 -—-
1087 1379 1121 1407 et
1137 1370 1219 1425 fig.
1270 1368 1341 1409 sed
1368 1370 1621 1420 interjectum

171 1437 264 1462 cum
282 1427 432 1468 lineola
451 1432 645 1472 subducta
666 1436 744 1484 im,
776 1444 823 1475 ut
842 1445 941 1476 esset
969 1438 1026 1474 iia
1047 1446 1097 1477 et.
1206 1437 1384 1490 jamjam.
1433 1434 1561 1475 Aan.
1579 1440 1619 1477 1.

170 1499 340 1547 utroque
362 1497 450 1536 loco
471 1502 597 1538 semel
619 1508 779 1544 tantum
799 1502 921 1541 habet
944 1505 1038 1543 iam.

282 1563 318 1609 §.
352 1566 418 1603 18.
477 1581 608 1606 sensus
630 1584 722 1609 esse.
760 1568 828 1610 Sic
847 1568 974 1610 Amb.
998 1574 1037 1610 1.
1059 1575 1099 1611 2.
1132 1567 1256 1610 Paris.
1277 1573 1318 1609 2.
1344 1572 1382 1608 6.
1399 1596 1411 1616 ,
1439 1583 1616 1606 sensuum

171 1640 252 1664 csse
278 1626 402 1670 Paris.
427 1635 465 1670 1.

283 1696 320 1746 §.
355 1701 421 1738 19.
480 1701 521 1738 ἰη
542 1700 647 1741 nullo
666 1718 754 1742 non.
805 1700 930 1744 Amb.
955 1709 992 1744 1.
1021 1705 1059 1743 in
1080 1701 1176 1744 ullo.
1230 1700 1345 1742 Idem
1376 1717 1468 1742 cum
1491 1701 1618 1743 Paris.

170 1765 211 1802 2.
229 1760 330 1802 lucet
351 1780 424 1819 pro
445 1766 580 1809 elucet.

285 1832 322 1883 §.
353 1839 420 1874 20.
480 1835 666 1877 adversos
696 1839 808 1879 ictus.
865 1836 988 1880 Aan.
1034 1843 1072 1880 1.
1118 1837 1306 1879 adversas
1356 1835 1454 1893 (sed
1491 1839 1621 1878 fuerat

170 1907 287 1939 antea
311 1900 523 1958 adversus)
553 1907 639 1944 sine
669 1908 782 1945 ictus.
896 1905 1065 1960 pondere
1089 1906 1219 1947 modo.
1268 1904 1336 1946 Sic
1367 1904 1492 1945 Amb.
1516 1910 1553 1945 1.
1575 1910 1616 1946 2.

171 1973 211 2005 et
241 1965 364 2008 Paris.
386 1974 425 2010 2.
449 1975 486 2011 6.
543 1972 663 2026 poml.
687 1973 787 2013 mole
816 1972 939 2014 Paris.
971 1979 1008 2015 1.

282 2038 319 2088 §.
352 2042 420 2078 21.
480 2041 632 2096 csfficere
652 2041 853 2081 tendimus.
913 2041 976 2081 Ex
1004 2041 1129 2082 Amb.
1153 2047 1189 2081 1.
1223 2041 1329 2081 nihil
1350 2042 1398 2080 ab
1422 2039 1619 2081 Obrecht.

170 2103 364 2155 scriptura
403 2107 636 2148 intendimus
673 2110 824 2166 afficere
860 2110 1062 2149 diversum
1092 2118 1279 2160 notatur,
1329 2123 1418 2148 eam
1453 2116 1619 2148 tuentur

170 2171 292 2209 etiam
310 2170 434 2214 Paris.
459 2179 496 2214 1.
519 2182 571 2227 2.‚
602 2175 740 2230 Spald.
762 2185 897 2216 autem
915 2175 1038 2218 Amb.
1060 2183 1100 2218 2.
1132 2176 1256 2218 Paris.
1282 2181 1321 2217 6.
1347 2176 1555 2217 exhibent.

283 2239 319 2289 §-
351 2245 420 2283 22.
479 2243 637 2285 ostendo
669 2247 789 2284 etiam
818 2243 939 2285 Amb.
969 2251 1005 2286 1.
1031 2251 1071 2286 2.
1103 2243 1227 2285 Paris.
1256 2249 1294 2285 1.
1313 2250 1352 2285 2.
1387 2260 1446 2298 pr.
1478 2258 1616 2292 manu,

171 2306 295 2346 altera
315 2309 527 2351 ostendam.
640 2329 756 2367 quam
773 2314 851 2351 sint
869 2315 989 2352 etiam
1009 2309 1132 2353 Amb.
1155 2318 1193 2354 1.
1211 2318 1252 2353 2.
1283 2311 1406 2352 Paris.
1434 2316 1469 2352 1.
1492 2315 1530 2351 6.

285 2376 320 2427 §.
353 2382 421 2418 23.
480 2381 529 2418 sit
560 2404 616 2410 -
641 2379 824 2435 qualitas,
875 2378 998 2421 Amb.
1023 2384 1060 2421 1.
1091 2382 1169 2419 sint
1195 2405 1252 2411 —-
1279 2379 1505 2434 qualitates.

173 2445 398 2484 enuntiatio.
448 2445 575 2487 Amb.
600 2452 637 2487 1.
661 2449 909 2487 renuntiatio.

250 2503 255 2509 ¹
283 2511 319 2562 §.
356 2514 422 2553 24.
479 2531 620 2568 parum
641 2517 837 2555 intuentes.
896 2514 1031 2556 Etiam
1057 2514 1184 2556 Amb.
1210 2520 1247 2556 1.
1276 2516 1426 2555 omittit
1449 2512 1616 2567 diligen-

174 2585 254 2628 ἵεν,
295 2580 364 2618 sed
384 2581 536 2623 habent
557 2581 681 2623 Paris.
707 2589 744 2623 1.
767 2588 808 2624 2.

284 2650 319 2697 ξ·
352 2652 419 2688 25.
478 2666 596 2704 neque
614 2674 669 2682 —-·
689 2666 808 2705 neque
834 2651 955 2690 etlam
986 2649 1110 2691 Amb.
1147 2656 1183 2690 1.
1210 2656 1250 2691 2.
1300 2649 1370 2690 sed
1392 2664 1459 2690 nec
1475 2670 1528 2680 -·-·
1549 2661 1617 2685 ²100

173 2710 294 2751 Paris.
320 2718 356 2754 1.
379 2720 419 2754 2.
476 2770 482 2774 Ὦ
535 2717 587 2756 acl
615 2717 781 2759 literam.
829 2715 951 2758 Amb.
983 2724 1017 2758 1.
1049 2718 1102 2758 ad
1122 2717 1285 2757 litteras.
