1775 3091
187 227 240 265 50
617 216 890 272 Supplemento
918 217 1179 256 annotationis

297 335 334 385 §.
363 334 430 374 44.
496 348 595 386 quae
632 345 686 370 ex
721 345 764 369 eo
801 331 837 368 εἰ
877 328 1013 370 Turio.
1055 330 1194 382 Camp.
1309 326 1350 366 Za
1385 342 1522 365 vamur
1559 349 1615 356 --

185 402 395 444 tondemur.
451 398 513 439 Ita
541 402 662 438 etiam
691 396 827 436 Turio.
856 395 963 437 Flor.
992 395 1117 436 Amb.
1150 402 1190 436 2.
1222 393 1359 447 Camp.
1393 393 1482 434 Par.
1507 398 1544 432 1.
1572 399 1612 434 2.

184 476 219 510 6.
258 475 325 518 (3.
357 476 397 509 et
420 469 460 508 4.
493 480 651 521 quoque
684 462 846 504 Pottier.
876 468 920 504 in
952 465 1046 504 edit.
1079 462 1253 515 adjicit.)
1290 464 1381 501 fort.
1412 460 1539 500 Amb.
1574 465 1611 499 1.

182 537 374 592 [Adjecit
412 544 530 575 nome
572 546 665 572 suae
712 531 910 585 quaedam
955 530 1164 585 Spalding.
1213 533 1257 568 in
1296 531 1420 583 praef.
1460 527 1558 568 Vol.
1593 525 1614 566 I

178 621 219 659 p.
248 599 529 651 LXXVHI.]

291 673 323 725 ξ.
359 672 425 712 45.
484 666 691 720 loquantur
726 663 853 706 Amb.
889 672 927 707 1.
970 665 1079 720 quod
1117 663 1255 717 Spald.
1294 666 1502 703 maluerat.

180 738 428 778 eruditiorum
456 737 564 776 Flor.
595 747 618 773 a
645 748 704 786 pr.
735 748 790 774 m.
823 732 1045 774 emdiorum
1072 731 1208 772 Tufic-

720 890 752 932 C
784 904 812 930 A
843 905 880 930 P.
948 886 1064 929 VII.

289 1009 327 1058 §.
361 1011 398 1046 1.
454 1003 560 1060 quod
592 982 748 1044 Gracci.
807 1014 843 1043 ct
886 1002 956 1043 Gr.
994 1001 1101 1044 FIor.
1135 1015 1157 1040 a
1186 1015 1243 1053 pr.
1275 1015 1330 1039 m.
1369 998 1505 1038 Turic.
1563 997 1614 1036 Icl

181 1076 249 1115 Gr.
280 1074 407 1125 Obr.;
460 1074 530 1115 sed.
556 1070 679 1114 Amb.
717 1077 755 1112 1.
794 1080 930 1111 tuetur
970 1069 1085 1123 quod.
1201 1068 1274 1107 hoc
1309 1077 1400 1107 ante
1429 1084 1498 1105 nos
1536 1069 1610 1106 ins.

176 1143 301 1184 Amb.
335 1147 373 1181 1.
488 1141 726 1179 nominamus
763 1142 871 1179 Flor.
921 1187 925 1191 Α

289 1210 320 1262 ξ.
352 1211 392 1248 2.
451 1209 509 1245 sic
537 1208 688 1244 inierim
720 1208 842 1244 etiam
869 1204 956 1244 Par.
985 1208 1049 1255 2.;
1099 1201 1166 1241 secl
1195 1211 1357 1241 mentm
1384 1201 1475 1242 Par.
1510 1206 1547 1240 1.
1571 1206 1608 1240 6.

178 1277 317 1329 Camp.
357 1276 437 1314 alii.
504 1272 694 1311 interdum
733 1273 829 1325 (pro
866 1270 1045 1323 interim)
1076 1270 1213 1310 Turio.
1246 1285 1268 1308 a
1298 1285 1351 1308 m.
1381 1285 1458 1309 sec.
1489 1267 1608 1308 Bodl.

174 1345 321 1386 Baliol.
351 1342 473 1382 Paris.
496 1345 533 1380 1.
565 1339 703 1393 Camp.
734 1339 868 1379 Andr.
982 1348 1110 1376 uirum
1149 1352 1227 1377 om.
1269 1340 1389 1377 etiam
1417 1334 1542 1375 Amb.
1570 1340 1607 1375 1.

175 1418 215 1461 2.
242 1410 366 1452 Paris.
388 1414 426 1449 5.
469 1406 580 1447 Sich.

285 1478 321 1527 §.
362 1476 400 1515 4.
466 1473 538 1513 illa
578 1482 665 1527 post
704 1484 838 1527 putav.
880 1488 959 1512 om.
999 1471 1124 1512 Amb.
1159 1479 1195 1512 1.
1323 1481 1507 1525 exspecto
1542 1468 1609 1508 secl

111 1554 115 1560 ’
175 1547 303 1585 omitt.
345 1546 466 1583 etiam
496 1540 604 1581 Flor.
643 1539 764 1580 Amb.
787 1545 827 1581 2.
860 1539 1000 1592 Camp.
1035 1538 1136 1580 Obr.
1175 1541 1265 1578 fort.
1296 1538 1421 1578 Amb.
1456 1543 1492 1578 1.

175 1621 333 1652 remota.
383 1624 437 1657 s.,
479 1623 603 1662 quam
640 1608 717 1647 hoc
753 1611 842 1647 loco
880 1610 955 1647 ins.
996 1607 1085 1645 edd.
1133 1615 1224 1644 ante
1264 1605 1427 1658 Spald.‚
1477 1607 1605 1643 omitt.

174 1682 295 1719 etiam
321 1677 443 1717 Paris.
469 1679 507 1715 3.
531 1675 572 1716 4.
596 1679 635 1715 5.
665 1674 790 1714 Amb.
813 1681 853 1715 2.
885 1673 986 1714 Obr.
1027 1676 1116 1712 fort.
1149 1672 1273 1711 Amb.
1299 1677 1336 1713 1.

285 1746 317 1798 ξ».
350 1747 389 1785 5.
448 1744 610 1796 itemque
650 1757 737 1781 cum
775 1742 926 1780 habent
965 1744 1084 1780 etiam
1114 1740 1247 1779 Turio.
1279 1739 1405 1778 Amb.
1435 1745 1472 1779 1.
1513 1737 1602 1778 Par.

174 1818 213 1854 1.
245 1817 284 1854 2.
315 1815 352 1851 6.
397 1808 536 1862 Camp.
649 1825 720 1861 per
749 1824 787 1862 q.
813 1826 850 1848 u.
874 1824 909 1847 ο.
932 1824 983 1847 m.
1015 1816 1089 1846 cet.
1141 1805 1302 1846 Turia:
1340 1823 1411 1860 per
1440 1806 1544 1846 0.υό
1570 1807 1606 1844 εἰ

173 1881 347 1929 comitem
369 1893 439 1931 per
468 1891 506 1930 q.
538 1890 587 1915 ac
624 1874 721 1913 duas
756 1892 781 1913 u
808 1891 887 1929 seq.
945 1873 1076 1914 Flor.:
1113 1890 1183 1927 per
1212 1889 1247 1913 c.
1268 1891 1305 1914 u.
1326 1891 1377 1914 m.
1409 1873 1551 1928 (supra
1581 1888 1604 1912 a

171 1962 226 1988 m.
255 1961 333 1995 sec.
363 1962 399 1998 q.
427 1961 462 1982 u.
485 1958 522 1981 ο.
545 1940 628 1995 m.)
667 1944 702 1980 si
730 1944 904 1981 comitem
930 1958 1002 1996 per
1029 1958 1062 1981 c.
1094 1957 1142 1980 ac
1173 1940 1270 1980 duas
1294 1959 1317 1979 u
1339 1958 1414 1996 seq.
1473 1940 1601 1981 Amb.

173 2019 239 2060 1,:
267 2029 337 2066 per
357 2027 391 2057 c.
423 2011 483 2063 (c.
510 2018 568 2054 est
595 2024 671 2048 sec.
690 2022 822 2059 man.;
852 2012 968 2048 tertia
986 2023 1094 2047 man.
1124 2023 1242 2061 supra
1268 2012 1421 2061 scripsit
1451 2007 1521 2063 q.)
1568 2012 1604 2048 si

172 2082 347 2130 comitem
372 2093 442 2131 per
470 2092 508 2129 q.
538 2074 604 2129 (q.
634 2090 711 2115 sec.
740 2089 825 2126 m.;
875 2089 991 2126 supra
1029 2091 1063 2114 c.
1098 2083 1187 2114 tert.
1222 2075 1304 2127 m.)
1336 2092 1384 2115 ac
1404 2075 1447 2114 cl..
1464 2093 1500 2115 u.
1524 2085 1597 2115 cet.

173 2146 339 2199 Gampa
375 2159 444 2198 per
477 2159 515 2195 q.
550 2139 624 2197 (ut
651 2140 741 2182 Par.
766 2142 836 2190 2.)
877 2144 912 2180 si
939 2156 1028 2179 vero
1060 2143 1235 2180 comitem
1262 2158 1334 2195 per
1359 2158 1393 2181 c.
1425 2158 1473 2181 ac
1502 2142 1600 2181 (luas

171 2217 291 2267 inseq.
348 2209 471 2258 Amb.
492 2214 532 2250 2.
572 2207 662 2248 Par.
697 2213 734 2248 6.
774 2212 892 2262 plane
932 2209 1072 2247 eadem
1100 2208 1218 2259 dant,
1262 2223 1364 2262 quae
1394 2206 1525 2248 Guelf.
1560 2218 1600 2249 et

171 2280 347 2334 ὅμως,
371 2282 414 2317 in
445 2285 587 2330 poster.
619 2284 728 2328 parte
763 2277 883 2316 etiam
907 2275 997 2316 Par.
1021 2280 1061 2314 2.
1118 2291 1188 2328 per
1218 2291 1254 2329 q.
1280 2292 1317 2314 u.
1341 2291 1376 2315 0.
1397 2292 1447 2315 m.
1476 2276 1598 2315 habet

170 2351 289 2396 otiam
315 2350 405 2387 Par.
439 2351 476 2386 1.
534 2346 570 2383 si
597 2360 686 2383 vero
719 2359 834 2397 quum
859 2359 929 2397 per
958 2359 1021 2397 q.,
1061 2342 1167 2381 unde
1197 2343 1286 2382 edd.
1316 2351 1464 2382 recent.
1497 2344 1598 2382 effe-

170 2423 512 2462 ceruntvcansam,
549 2409 638 2450 Par.
664 2415 702 2449 1.

234 2501 236 2506 π
281 2481 317 2528 §.
346 2484 384 2520 6.
441 2482 521 2531 jam
552 2480 688 2528 ctiam5
725 2478 781 2515 ita
809 2484 962 2528 praeter
983 2491 1069 2526 eos,
1098 2490 1198 2530 quos
1224 2484 1419 2516 memorat
1440 2475 1593 2530 Spald„

168 2545 304 2587 Turio.
333 2545 439 2585 Flor.
470 2544 596 2584 Amb.
625 2549 662 2583 1.
686 2548 726 2583 2.
758 2541 877 2581 Paris.
902 2547 938 2582 1.
958 2548 998 2584 2.
1031 2541 1170 2596 Camp.

200 2657 202 2659 ‚
282 2612 320 2661 §-
348 2616 386 2651 8.
443 2611 550 2650 Illud
578 2614 698 2660 enim‚·
735 2612 790 2648 ita
818 2612 938 2648 etiam
965 2608 1055 2650 Par.
1077 2615 1115 2649 1.
1136 2615 1175 2651 2.
1197 2614 1235 2649 6.
1269 2609 1408 2664 Camp.
1518 2611 1593 2647 im-

170 2680 295 2717 munis
325 2680 443 2716 etiam
472 2677 570 2719 Tur.
599 2676 703 2716 Flor.
737 2675 857 2715 Amb.
878 2680 913 2714 1.
