1775 3091
392 306 444 355 (311
475 305 633 359 Quintil.
662 305 789 354 Ῑηείἰε,
817 305 898 356 IV,
929 313 964 348 2.
995 309 1024 362 ᾗ.
1058 311 1304 350 111--119-
1460 314 1553 352 '215

132 419 242 460 Sich.
271 422 350 472 jam
376 428 466 460 ante
497 418 650 475 Gryph.
675 422 807 462 omisit
835 420 958 460 nobis.
1065 420 1234 462 habitum
1253 422 1384 462 animi.
1426 420 1551 463 Amb.

134 493 171 528 1.
214 488 392 528 ordinem
423 496 564 528 mutat.

243 556 277 607 ξ.
312 560 402 596 116.
462 571 578 609 nequo
604 556 714 595 enim.
775 552 900 595 Amb.
931 560 970 597 2.
1011 556 1191 596 ordinem
1224 565 1375 609 mutatg
1417 554 1552 598 Guelf.

131 621 245 665 Sich,
283 625 408 662 omitt.
445 625 554 662 enim.
678 621 782 662 ullis.
840 621 968 662 Amb.
1007 628 1048 664 2.
1097 624 1211 664 ullus.
1262 623 1362 664 Bad.
1401 623 1555 665 Cervio.

132 689 223 729 illis.
338 692 612 730 narrationem.
670 688 773 729 Bad.
815 692 1061 743 narratione,
1095 707 1262 746 sequens
1287 689 1341 732 ⁴ut
1371 695 1556 733 omittens

131 772 224 796 cum
254 755 405 797 Cervic.
519 756 639 796 ullam
667 768 830 811 par-tem.
891 755 1024 798 Guelf.
1065 758 1148 798 ulla
1171 770 1296 814 parte.
1408 775 1555 799 venere.

131 822 237 863 Flor.
269 839 290 862 a
321 839 380 877 pr.
410 839 464 864 m.
502 840 602 864 ver-e.
664 823 791 864 Amb.
819 831 861 865 2.
898 823 1017 865 Voss.
1047 831 1088 866 2.
1106 847 1110 851 ·
1129 842 1309 866 venerem.
1403 848 1406 853 ·
1434 843 1558 867 cocor-

132 891 314 930 mandam.
374 890 503 933 Coun.
544 892 827 933 exornandum.
940 896 1188 947 cmponimus.
1249 892 1378 936 Amb.
1406 900 1445 937 1.
1483 911 1559 935 ex-

129 974 323 1011 ponemus.
568 988 571 992 .

246 1027 283 1076 §.
319 1032 410 1066 117.
465 1030 614 1080 par-vis.
673 1025 811 1079 Camp.
838 1029 988 1081 pravis.
1087 1027 1194 1083 fere.
1254 1027 1359 1068 Flor.
1381 1044 1403 1068 a
1422 1043 1481 1082 pr.
1502 1042 1560 1068 m.

133 1108 290 1147 quoque
316 1094 460 1149 ferr-ci,
493 1109 515 1133 a
536 1110 612 1133 sec.
642 1109 695 1132 m.
721 1093 821 1148 fres.
935 1104 970 1132 et
992 1093 1110 1133 velut.
1156 1093 1281 1134 Amb.
1305 1101 1344 1135 2.
1378 1095 1494 1135 Voss.
1518 1101 1558 1136 3.

129 1163 262 1199 omitt.
301 1172 350 1200 et.
463 1160 682 1214 applicitus.
738 1160 872 1200 Turio.
906 1169 944 1200 et
970 1159 1076 1200 Flor.
1106 1176 1205 1213 apr.
1226 1177 1282 1200 m.
1319 1161 1558 1214 aclphicilus,

132 1242 203 1279 pro
231 1230 286 1266 rei
315 1229 449 1268 dantes
481 1232 584 1280 regi‚·
614 1227 752 1280 Camp.
784 1245 808 1283 qs
842 1231 966 1266 miens.
1065 1231 1105 1267 in
1135 1228 1242 1268 locis.
1290 1227 1425 1268 Turio.
1451 1228 1559 1269 Flor.

134 1309 156 1333 a
179 1311 238 1347 pr.
265 1310 319 1334 m.
361 1294 498 1348 Camp.
538 1298 578 1334 ire,
605 1295 742 1334 locum.
800 1295 1074 1347 [Circumjecta
1103 1298 1277 1335 oratione
1305 1295 1371 1335 hio
1400 1311 1562 1348 expres-

133 1376 217 1401 sam
246 1378 325 1401 esse
355 1361 570 1416 περιβολὴν
599 1363 804 1402 rhetorum
833 1361 1073 1402 Graecorum
1104 1365 1279 1415 agnoscit
1305 1361 1492 1402 Ernestus
1517 1366 1562 1403 in

134 1427 237 1468 Lex.
277 1428 472 1469 Technol.
505 1428 572 1470 Gr.
605 1446 645 1482 p.
678 1432 772 1470 254.
804 1429 959 1483 Spald.]
1072 1433 1209 1468 tincta.
1267 1429 1373 1469 Flor.
1415 1433 1562 1470 iuncta.

134 1496 222 1549 [Ad
249 1496 472 1549 Spaldingii
500 1507 635 1536 notam
663 1513 777 1551 exeg.
817 1498 916 1536 adde
946 1512 1046 1551 quae
1086 1500 1167 1550 ipse
1200 1500 1332 1537 attulit
1360 1501 1401 1535 in
1435 1500 1561 1550 praef.

133 1563 230 1603 Vol.
267 1562 326 1602 ΠΙ
367 1580 408 1616 p.
448 1563 506 1603 X.
575 1563 698 1603 Porro
745 1568 950 1604 annotavit
1002 1564 1281 1617 Spaldingius‚
1337 1564 1562 1618 Sulpicium

132 1630 339 1670 Victorem
367 1633 415 1670 de
451 1634 528 1670 alio
559 1630 748 1683 Zenone,
779 1635 973 1687 sequioris
1003 1635 1157 1679 aetatis,
1194 1633 1334 1671 itidem
1373 1630 1559 1683 Cstiensi,

134 1714 246 1750 agere
285 1700 410 1738 videri
439 1697 614 1752 Tayloro
654 1703 697 1737 in
732 1702 855 1752 praef.
897 1700 947 1737 ad
977 1697 1076 1751 LyS.
1111 1714 1151 1751 p.
1190 1703 1240 1738 68
1280 1697 1379 1738 Rsk.
1418 1698 1478 1739 Cf.
1522 1708 1561 1738 et

136 1765 287 1805 fabric.
327 1766 439 1806 Harl.
480 1764 688 1805 '1'0111.IlI
727 1781 816 1818 pag.
850 1770 924 1805 581
958 1765 1051 1818 sq.]
1173 1764 1369 1805 debebam.
1426 1764 1559 1806 Guelf.

136 1833 307 1871 debcant.
421 1836 659 1886 compositio.
716 1832 850 1871 Turio.
880 1831 987 1871 Flor.
1010 1846 1030 1869 a
1055 1846 1114 1883 pr.
1138 1846 1193 1870 m.
1225 1834 1449 1885 composito.

136 1916 245 1952 {suam
273 1902 354 1951 jue.
415 1897 546 1939 Guelf.
581 1899 882 1953 jocundissima,
916 1900 1055 1937 omisso
1089 1914 1218 1952 quam.

248 1967 284 2016 §.
319 1971 409 2005 118.
456 1965 595 2020 fidem.
656 1969 719 2005 Sic
749 1968 868 2004 etiam
896 1964 988 2005 Par.
1009 1971 1072 2015 2.‚
1103 1966 1377 2006 accedentibus
1404 1966 1509 2008 Flor.
1539 1983 1562 2008 a

135 2049 193 2086 pr.
222 2049 277 2072 m.
316 2032 406 2073 Par.
436 2038 473 2072 3.
509 2037 547 2073 5.
583 2035 699 2086 finem
737 2034 934 2071 dantibus.
989 2030 1113 2072 Amb.
1138 2038 1175 2072 1.
1216 2032 1321 2073 Flor.
1346 2048 1368 2072 a
1397 2050 1475 2074 sec.
1504 2050 1560 2075 m.

136 2100 225 2140 l‘ar.
261 2106 298 2139 1.
339 2104 526 2139 rationem
536 2130 547 2148 ,
590 2116 690 2154 quae
725 2103 915 2152 scriptura
954 2100 1113 2139 om'hem
1144 2101 1429 2153 interpretandi
1459 2103 1563 2141 diffi-

137 2171 326 2207 cultatem
354 2171 471 2206 tollit.
583 2167 648 2205 secl
678 2184 774 2221 quac
791 2191 847 2197 —-
868 2184 887 2220 ς
925 2169 1058 2219 ugiant
1077 2191 1132 2196 —-
1155 2166 1287 2207 levent.
1350 2166 1410 2208 Ita
1442 2172 1563 2208 etiam

137 2234 242 2274 Flor.
275 2251 297 2274 a
324 2251 383 2288 pr.
414 2250 469 2273 m.
509 2250 601 2274 cum
632 2233 807 2286 Cervic.‚
850 2238 928 2274 nisi
959 2234 1066 2288 quod
1099 2234 1164 2273 hic
1197 2245 1232 2272 et
1266 2237 1344 2288 qui.
1401 2234 1508 2275 Flor.
1540 2251 1564 2276 a

138 2317 215 2341 sec.
246 2318 298 2341 m.
348 2301 471 2341 Amb.
505 2308 543 2342 2.
585 2301 674 2342 Par.
708 2308 748 2342 2.
780 2307 818 2342 3.
851 2307 889 2342 5.
935 2312 969 2339 ct
1000 2303 1066 2355 qui
1091 2324 1145 2331 ——
1176 2302 1339 2356 effugiat
1367 2324 1424 2333 -—
1452 2302 1563 2343 levet.

249 2373 578 2422 compositionem.
640 2368 789 2422 Gryph.
821 2371 1058 2423 positionem.
1185 2371 1319 2407 ceteris
1350 2368 1562 2410 lenociniis.

141 2436 246 2475 Flor.
278 2451 299 2474 a
332 2451 390 2488 pr.
423 2452 477 2476 m.
520 2451 550 2474 c.
580 2438 707 2475 ciniis.
763 2435 892 2476 Amb.
920 2442 960 2477 2.
1003 2447 1036 2474 et
1074 2438 1150 2487 ejus
1185 2435 1379 2476 lenonicis.
1497 2453 1564 2476 ne-

142 2520 245 2542 cesse
272 2514 341 2541 est.
385 2502 535 2542 Cervic.
566 2517 645 2542 om.
676 2513 744 2542 esf.

253 2572 290 2622 ξ.
334 2575 426 2610 119.
495 2569 579 2609 Nec
617 2573 657 2609 ἰη
697 2569 792 2610 ulla.
862 2566 986 2610 Goth.
1027 2586 1071 2609 nc
1100 2572 1139 2608 in
1167 2588 1205 2609 n.
1277 2568 1410 2610 Guelf.
1451 2572 1490 2608 in
1524 2588 1560 2611 ιι.

143 2637 274 2676 Turio.
312 2636 417 2676 Flor.
458 2652 480 2675 a
511 2652 569 2689 pr.
600 2652 654 2676 m.
694 2653 760 2677 nec
788 2637 828 2676 in
855 2637 940 2676 illa.
1053 2635 1164 2677 nihil.
1222 2635 1341 2678 Goth.
1383 2636 1451 2675 nil.

145 2715 255 2743 recte.
321 2703 445 2743 Amb.
488 2711 523 2744 2.
563 2703 652 2743 Par.
693 2709 731 2745 5.
777 2715 931 2744 rectum.
1074 2708 1190 2743 ctiam
1226 2704 1347 2744 credit
1381 2704 1560 2760 facilius,

146 2770 282 2824 [amp.
315 2788 370 2811 cr.
401 2788 432 2810 c.
455 2770 494 2827 f
552 2768 674 2811 Goth.
706 2786 797 2811 cum
824 2769 931 2812 Jens.
962 2771 1061 2812 Loc.
1091 2771 1198 2812 Ven.
1229 2790 1258 2812 c.
1279 2771 1324 2827 f
1355 2787 1411 2811 cr.
