1775 3091
415 212 467 252 (1ιῖ
501 211 663 264 Quintil.
695 211 819 252 ῙηεΙέΙ.
855 210 932 262 ῙΓῙ,
967 216 1003 251 1.
1035 213 1070 261 §.
1099 211 1297 252 39—-49-
1499 218 1581 255 317

248 329 285 379 §.
318 328 384 367 44.
451 343 496 365 ne
525 329 622 382 quis,
684 324 809 367 Amb.
848 329 887 365 1.
925 341 970 364 ne
1000 327 1076 380 qui.
1202 324 1316 365 nihil.
1377 323 1503 367 Amb.
1541 334 1578 367 21.

132 395 201 436 m’l.
301 411 409 449 quem
431 394 518 433 mel.
559 392 698 447 Camp.
722 410 821 447 quae
838 409 890 432 m.
988 392 1176 447 judicum.
1222 391 1362 434 Turio.
1393 407 1416 432 a
1439 410 1498 446 pr.
1521 409 1578 436 m.

126 463 330 516 judicium.
445 473 571 502 actor.
623 460 748 501 Amb.
773 465 808 501 1.
841 474 959 501 asec.
982 476 1034 502 ln.
1066 460 1199 501 Turlc.
1236 475 1259 500 a
1289 477 1350 515 pr.
1383 476 1440 501 m.
1474 461 1580 503 Flor.

132 530 272 584 Camp.
305 528 422 570 Voss.
445 536 484 570 2.
516 540 668 569 auctor.

245 609 281 657 §.
306 609 370 648 45.
421 607 527 646 Nam
552 618 598 647 et.
648 604 785 646 Turio.
807 619 829 646 a
848 621 908 660 pr.
923 620 979 646 m.
999 605 1104 646 Flor.
1126 608 1317 660 adjiciunt
1335 619 1404 649 est.
1441 607 1578 650 Guelf.

127 691 236 728 quem
259 685 306 713 et.
359 672 480 715 Goth.
505 691 580 714 non
599 685 648 714 et.
737 674 879 715 vultus.
918 673 1056 714 Turic.
1079 675 1208 724 utilas,
1241 691 1263 716 a
1285 692 1362 717 sec.
1379 691 1434 718 m.
1457 677 1578 718 illius.

208 753 494 795 permoverunt.
542 741 641 784 Obr.
655 759 783 797 prom.
872 745 1068 782 metiatur.
1110 741 1247 783 Turio.
1270 759 1293 783 a
1311 760 1370 797 pr.
1392 760 1448 785 m.
1472 762 1579 784 men-

125 811 262 849 fiatur.
379 813 567 850 aestimet.
625 809 758 851 Guelf.
781 812 956 850 eaetimet.
1007 809 1116 850 Jens.
1137 809 1259 851 Tarv.
1281 815 1494 854 existimet.

127 893 235 916 onus.
283 876 421 917 Turio.
458 880 582 918 onius.
638 876 779 933 Camp.
814 879 947 918 honus.
997 876 1098 919 Obr.
1134 881 1274 920 oneris.
1335 928 1338 931 ψ
1384 892 1453 920 aut
1481 881 1578 923 laer.

126 942 265 985 Turic.
288 960 309 983 a
330 961 389 998 pr.
412 961 468 986 ιιι.
500 956 540 984 nt
560 944 587 986 l.

242 1024 277 1075 §.
311 1025 378 1063 46.
438 1023 622 1078 bajulare.
669 1023 778 1065 Flor.
804 1023 990 1078 bajolare.
1093 1041 1191 1066 cum.
1243 1022 1377 1068 Guelf.
1401 1038 1493 1068 tum.

128 1093 304 1132 oratione
336 1094 532 1133 continua.
584 1091 720 1132 Turio.
748 1108 770 1132 a
790 1109 846 1146 pr.
866 1108 917 1131 m.
944 1096 1158 1134 orationem
1177 1097 1411 1137 continuam.

241 1171 278 1221 ᾧ.
312 1171 380 1210 47.
440 1170 524 1225 [Et
548 1170 769 1225 corpulento
796 1170 1001 1224 litigatori.
1050 1172 1138 1212 Hoc
1158 1189 1299 1213 verum
1318 1189 1400 1214 esse
1422 1178 1577 1230 nequit,

125 1238 196 1278 sed
221 1240 265 1276 in
290 1241 399 1277 libris
426 1239 532 1277 nihil
563 1242 719 1278 auxilii.
778 1238 886 1278 Vide
915 1255 967 1279 an
988 1241 1036 1280 de
1056 1244 1283 1292 conjectura
1301 1257 1460 1281 mectun
1479 1247 1577 1284 velis

125 1308 318 1345 scribere:
383 1316 419 1344 et.
457 1305 672 1360 corpulenti
708 1306 940 1360 litigatoris,
995 1317 1040 1348 ut
1077 1310 1250 1362 pendeat
1289 1324 1311 1348 a
1349 1325 1576 1364 praegresso

123 1372 239 1428 quale
258 1384 311 1412 est
329 1372 472 1424 illud]
570 1373 715 1413 debent.
767 1374 906 1428 Camp.
928 1375 1049 1416 debet.
1145 1393 1225 1415 csse
1242 1379 1414 1417 mimica.
1466 1378 1577 1420 Flor.

124 1443 285 1480 inimica
308 1457 398 1481 esse.
479 1439 547 1479 Ita
565 1457 684 1495 neque
701 1441 825 1481 illum.
876 1440 1002 1481 Amb.
1028 1447 1066 1482 1.
1093 1442 1129 1483 1.
1153 1460 1221 1482 nec
1241 1446 1267 1483 i.
1321 1443 1431 1486 Flor.
1455 1449 1577 1487 etiam

121 1507 159 1548 I.
184 1524 253 1547 nec
274 1510 417 1564 quia-i.
528 1508 792 1563 probaverim.
847 1507 954 1549 Flor.
978 1524 1138 1564 quoque
1154 1511 1394 1565 probaverit.
1509 1517 1578 1569 qui

122 1579 236 1616 inter.
290 1575 416 1615 Amb.
443 1580 480 1616 1.
510 1574 648 1616 Turio.
679 1591 700 1614 a
721 1589 781 1629 pr.
802 1592 856 1616 m.
884 1576 993 1617 Flor.
1027 1581 1186 1632 quami.
1234 1577 1360 1620 Amb.
1385 1585 1422 1620 1.
1452 1597 1475 1621 a
1496 1598 1578 1623 sec.

121 1659 178 1684 m.
192 1641 285 1684 Ald.
305 1660 537 1698 quamquam
554 1647 580 1684 i.
658 1643 875 1697 productis·
908 1643 1046 1697 Calnp.
1064 1645 1204 1685 ductis.
1290 1646 1403 1686 talos.
1435 1648 1577 1690 Turic.

121 1726 146 1751 a
166 1727 226 1764 pr.
247 1726 303 1750 m.
327 1710 437 1750 tales.
489 1710 598 1752 Flor.
621 1710 741 1750 talas.
762 1706 767 1711 Χ
825 1713 931 1762 jecit.
984 1709 1052 1750 Sic
1073 1714 1193 1750 etiam
1210 1711 1319 1752 Flor.
1355 1713 1444 1755 Par.
1471 1721 1507 1756 1.
1532 1722 1573 1757 2.

119 1781 285 1834 projecit
305 1777 418 1817 Sich.
518 1794 691 1832 namque.
745 1776 883 1830 Camp.
904 1794 1007 1817 nam.
1055 1777 1164 1819 Jens.
1189 1789 1228 1820 et
1250 1781 1341 1822 edd.
1365 1791 1455 1822 ante
1474 1782 1574 1824 Bad.

123 1861 286 1900 namque
314 1854 365 1884 et.
480 1845 730 1885 miserabilis.
779 1843 887 1884 Flor.
908 1846 1182 1888 miserabilius.

236 1924 272 1975 §.
303 1925 369 1964 48.
429 1926 498 1978 qui
527 1941 612 1963 cnm
643 1934 752 1962 esset.
802 1921 938 1963 Guelf.
967 1939 1045 1964 om.
1074 1941 1173 1966 cum.
1225 1923 1365 1981 Camp.
1397 1932 1461 1968 cui
1487 1946 1574 1970 cum

124 2009 155 2032 e.
238 1990 351 2045 glad.
373 1992 436 2032 ab.
487 1990 554 2031 Sic
580 1994 701 2031 etiam
718 1991 824 2032 Flor.
916 1991 1097 2046 prolatus
1121 2010 1196 2048 quo
1222 1997 1270 2035 is.
1323 1995 1457 2037 Turio.
1476 2015 1575 2052 pro-

122 2060 236 2099 batus
257 2059 340 2117 his,
374 2074 397 2098 a
415 2075 493 2099 sec.
516 2074 571 2098 m.
591 2075 632 2113 p.
657 2062 704 2099 is.
778 2058 920 2115 fugit,
951 2070 997 2098 et.
1034 2059 1160 2101 Amb.
1177 2067 1212 2101 1.
1237 2077 1318 2104 om.
1337 2075 1386 2104 et.
1430 2064 1569 2108 Turio.

122 2143 147 2167 a
175 2143 235 2181 pr.
265 2142 321 2166 m.
352 2125 459 2166 Flor.
474 2125 621 2183 fugiet.
708 2126 761 2166 ad
780 2138 966 2180 agentem.
1015 2126 1141 2168 Amb.
1166 2133 1202 2168 1.
1224 2128 1327 2170 Flor.
1348 2131 1438 2173 Par.
1468 2138 1505 2173 1.
1528 2140 1568 2176 2.

122 2197 245 2233 etiam
266 2193 320 2234 acl
337 2194 541 2247 agendum.
642 2210 831 2249 prospe-1³.
882 2193 1004 2235 Goth.
1029 2194 1167 2249 Camp.
1187 2214 1316 2252 persp.
1419 2217 1470 2239 αη
1489 2205 1572 2253 jam

123 2260 203 2301 ille.
244 2261 380 2302 Turio.
403 2277 425 2301 a
445 2278 503 2315 pr.
523 2277 579 2302 m.
604 2265 698 2301 anni
715 2261 857 2302 amille.
941 2266 1073 2303 risum.
1107 2263 1139 2303 F
1142 2266 1216 2306 lor.
1241 2268 1363 2306 etiam
1382 2268 1496 2310 risus.

124 2327 325 2369 ridiculus.
377 2328 516 2370 Turio.
546 2345 569 2369 a
586 2345 646 2383 pr.
669 2345 725 2370 m.
751 2328 961 2371 radiculas,

235 2419 272 2470 §.
303 2419 371 2460 49.
431 2419 662 2474 hujusmodi.
726 2418 853 2461 Amb.
884 2425 923 2462 1.
963 2420 1101 2462 Turio.
1139 2419 1246 2463 Flor.
1286 2421 1427 2479 Camp.
1467 2428 1572 2481 ejus-

121 2485 242 2526 modi.
314 2523 316 2525 .
354 2502 502 2527 scenae.
558 2487 684 2527 Amb.
711 2492 748 2528 1.
781 2503 803 2528 a
832 2504 891 2541 pr.
919 2504 976 2529 m.
1010 2506 1135 2530 cenae.
1253 2495 1382 2546 quiet
1415 2506 1566 2536 contra.

121 2553 247 2599 Amb.
272 2558 310 2594 1.
332 2552 440 2594 Flor.
463 2553 603 2608 Camp.
633 2555 742 2596 Jens.
763 2554 885 2597 Tarv.
906 2555 1005 2598 Ald.
1033 2557 1131 2598 Sich
1153 2562 1345 2601 omittunt
1371 2572 1420 2602 et.
1466 2561 1568 2604 Loc.

121 2620 233 2662 Ven.
269 2620 371 2662 Bad.
403 2620 555 2663 Cervic.
594 2621 725 2664 Colin.
766 2621 921 2677 Gryph.
959 2627 1148 2666 omittunt
1175 2629 1253 2680 qui.
1376 2633 1568 2681 graviter.

123 2687 263 2743 Camp.
287 2703 368 2747 om.
476 2688 586 2730 dia-it
605 2691 771 2736 urbane,
805 2689 943 2735 Turic-
970 2707 993 2734 a
1015 2708 1075 2748 pr.
1098 2709 1153 2734 m.
1180 2694 1275 2736 dixi
1293 2696 1456 2739 turbate.
