1775 3091
170 253 251 293 246
608 251 878 308 Supplemenia
907 253 1171 292 annotationes

279 368 314 418 ξ.
347 371 386 406 7.
446 365 499 404 Et
526 365 665 405 adhuc.
725 362 792 404 Sic
822 367 944 404 etiam
969 363 1096 405 Amb.
1118 371 1155 405 1.
1186 364 1294 406 Flor.
1321 365 1411 406 Par.
1432 368 1471 407 5.
1566 379 1606 406 ut

170 432 234 471 vel
257 435 346 487 quia
366 448 431 464 ¹--
457 444 511 472 cst
540 431 692 486 aliquid
718 442 752 470 et
780 432 904 472 aliud.
964 432 1033 473 Sic
1060 430 1181 472 Amb.
1205 438 1241 472 1.
1273 436 1410 473 ceteris
1441 434 1605 474 onfissis.

253 511 307 538 cst
334 500 483 554 aliquid
511 499 621 538 aliud
649 516 735 540 non.
794 498 860 540 Sic
893 503 1014 540 etiam
1039 500 1145 540 Flor.
1179 499 1279 540 Obr.
1392 511 1456 551 ut,
1499 501 1608 539 Dies.

171 565 270 607 Obr.
300 570 415 606 inser.
446 570 548 620 quiet.
636 566 785 622 aliquid
811 578 845 606 et
875 567 996 608 aliud.
1056 567 1124 608 Sic
1152 567 1259 608 Flor.
1291 566 1413 607 Amb.
1434 574 1474 609 2.
1505 583 1608 622 quo-

168 647 260 688 que.
376 637 427 673 sit
463 633 549 673 Sol.
608 633 675 674 Sic
714 637 834 674 etiam
872 635 964 676 Par.
997 643 1034 676 1.
1068 640 1106 676 5.
1221 651 1349 690 super.
1407 634 1536 676 Amb.
1565 641 1606 676 1.

167 716 299 754 supra.
421 712 476 739 est
517 700 582 740 vel
616 704 720 756 quia.
778 701 882 742 Flor.
919 713 975 741 est
1013 713 1049 741 et
1088 706 1195 757 quia.
1310 720 1425 757 super
1464 714 1609 743 terram

168 765 250 806 dies
280 779 347 808 est.
405 768 516 809 Haec
544 772 691 809 omittit
719 769 825 810 Flor.
869 755 880 762 “
941 769 1090 824 aliquid
1120 786 1207 809 non.
1264 768 1390 811 Amb.
1424 776 1460 810 1.
1501 771 1606 811 Flor.

168 848 191 873 a
209 850 267 887 pr.
288 851 342 874 m,
373 835 482 874 aliud
509 853 596 876 non.
683 836 748 875 vel
774 837 863 891 quia
895 835 1047 890 aliquid
1067 862 1122 868 -
1146 837 1226 876 dies
1255 848 1325 877 est.
1380 837 1449 878 Sic
1470 836 1605 878 Guelf-

167 904 304 941 ceteris
334 906 498 944 omissis.
602 906 653 943 sit
681 902 799 944 Nox.
860 902 962 944 Obr.
992 907 1109 944 inser.
1141 914 1183 942 ut
1212 907 1315 958 quia.
1419 904 1504 943 dies
1530 916 1607 945 est:

167 968 247 1016 rel,
287 973 393 1024 quia.
450 971 558 1013 Flor.
589 982 624 1010 et
654 974 759 1026 quia.
875 973 947 1020 sit,
986 971 1080 1011 Non
1106 982 1174 1011 est.
1233 970 1341 1011 Flor.
1372 987 1529 1026 quoque
1557 974 1608 1011 sit

166 1034 284 1076 Nox.
397 1039 615 1080 rationalis.
672 1038 739 1079 Sic
778 1040 899 1078 etiam
939 1037 1065 1078 Amb.
1097 1044 1135 1079 1.
1173 1038 1280 1079 Flor.
1312 1038 1401 1079 Par.
1433 1044 1469 1078 1.
1496 1044 1535 1078 3.
1566 1042 1606 1079 5.

250 1104 361 1144 homo
401 1117 469 1146 vsi.
538 1106 664 1146 Amb.
699 1111 735 1146 1.
776 1120 855 1145 om.
897 1115 961 1145 est.
1021 1104 1154 1146 Guelf.
1201 1107 1239 1147 Ῐι.
1279 1108 1346 1145 sit.
1464 1116 1608 1161 parte&

167 1169 306 1225 camp.
334 1184 495 1227 partem.

729 1328 761 1370 C
795 1345 821 1369 A
855 1346 892 1369 1·.
952 1327 1043 1369 ῙΧ.

275 1443 310 1494 §.
344 1446 380 1481 1.
438 1452 603 1495 partem.
661 1441 770 1482 Jens.
800 1439 899 1481 Loc.
929 1440 1038 1481 Ven.
1066 1452 1214 1495 paries.
1329 1453 1487 1481 cruenta
1509 1444 1610 1481 enim*

164 1519 256 1547 vest.
317 1507 456 1561 Camp.
486 1523 564 1547 om.
596 1512 711 1548 enim.
829 1508 929 1547 livor
967 1519 999 1546 ct
1034 1507 1103 1547 ml.
1163 1506 1285 1548 Amb.
1319 1514 1356 1549 1.
1390 1525 1412 1547 a
1440 1525 1517 1550 sec.
1549 1525 1604 1550 m.

166 1591 244 1615 om.
279 1587 326 1616 el.
441 1586 529 1614 sunt
560 1578 670 1614 i'nslr.
729 1573 855 1615 Amb.
888 1582 927 1615 2.
959 1577 1037 1614 sint
1069 1577 1179 1614 insir-

275 1647 310 1695 §.
343 1649 382 1683 2.
442 1642 568 1681 alter-a
607 1642 723 1696 quod.
784 1642 904 1696 Amb.
941 1648 976 1682 1.
1020 1642 1102 1681 alia
1133 1641 1248 1696 quod.
1363 1644 1443 1680 sive
1471 1642 1609 1683 inclub.

165 1708 289 1750 Aan‚
331 1716 393 1760 1.‚
449 1713 584 1748 abraso
617 1725 679 1757 ve,
725 1709 814 1749 Par.
845 1715 877 1748 1.
903 1715 940 1749 3.
971 1712 1006 1748 si
1033 1708 1112 1747 ind.
1226 1719 1326 1748 sunt.
1387 1708 1454 1748 Sic
1482 1708 1604 1750 Amb.

169 1783 205 1816 1.
230 1783 268 1818 2.
307 1776 395 1817 Par.
433 1782 467 1816 1.
503 1782 540 1816 3.
583 1775 690 1815 Sich.
731 1791 904 1831 quoque.
1019 1786 1256 1828 argumenio.
1317 1774 1455 1829 Camp.
1488 1793 1608 1829 argu-

166 1855 304 1899 menia.
428 1846 508 1883 sive
550 1843 680 1883 dubia.
749 1841 873 1882 Amb.
911 1848 946 1883 1.
995 1842 1131 1882 Turic-
1182 1841 1321 1896 Camp.
1360 1845 1442 1881 sine
1476 1843 1605 1884 (lubio.

167 1910 288 1951 Tarv.
319 1915 402 1950 sive
431 1929 529 1965 quoe
558 1910 689 1950 [lubia.
779 1921 1039 1950 controversa.
1100 1909 1234 1950 Turic-
1266 1925 1289 1949 a
1307 1926 1366 1963 pr.
1385 1925 1440 1950 m.
1473 1908 1605 1951 Guelf-

167 1978 275 2020 Jens.
301 1977 400 2019 Loc.
431 1979 539 2022 Ven.
573 1979 850 2017 controversia,

279 2048 314 2096 §.
349 2052 386 2086 3.
458 2050 497 2085 in
528 2047 612 2085 Ῐιαε.
678 2044 784 2084 Flor.
817 2059 839 2082 a
871 2060 928 2097 pr.
957 2060 1011 2085 m.
1052 2047 1089 2084 in
1121 2045 1194 2085 his.
1305 2047 1456 2098 primas
1493 2044 1604 2086 duas.

169 2113 294 2153 Amb.
332 2119 368 2158 1.
413 2112 552 2167 Camp.
591 2112 627 2152 (ἶ.
654 2129 694 2166 p.
763 2110 874 2151 Sich.
915 2127 991 2150 om.
1025 2115 1190 2166 primas.
1307 2114 1523 2150 necessaria
1551 2136 1606 2142 -—

169 2197 267 2234 quae
296 2182 404 2221 mihi.
461 2179 587 2220 Amb.
611 2185 646 2219 1.
678 2194 745 2217 nec
773 2195 803 2217 s.
834 2194 985 2232 quaque
1015 2196 1054 2219 α.
1085 2179 1125 2219 h.
1156 2195 1188 2218 s·
1212 2196 1248 2218 η.
1268 2195 1309 2232 p.
1332 2195 1366 2232 q.
1393 2177 1440 2218 G.
1465 2189 1604 2218 secme-

173 2252 233 2287 ria
271 2260 308 2288 υ.
351 2247 432 2286 alia
470 2249 585 2285 simia
623 2263 660 2300 q.
699 2262 749 2285 m.
808 2243 914 2285 Flor.
957 2261 979 2285 a
1018 2261 1077 2299 pr.
1116 2261 1172 2285 m.
1213 2247 1321 2284 idem
1361 2246 1448 2295 dat,
1500 2247 1607 2300 quod

172 2315 332 2362 Turio„
371 2330 393 2353 3
419 2330 495 2354 sec.
525 2314 676 2352 accedit
705 2310 863 2363 Guelfi,
902 2315 980 2352 nisi
1009 2313 1117 2368 quod
1142 2315 1252 2352 finit.
1298 2329 1396 2366 quae
1416 2323 1501 2351 sunt
1524 2313 1607 2353 alia

173 2398 299 2435 σημια
328 2400 364 2437 q.
394 2398 467 2429 m.,
518 2389 564 2420 ut
593 2384 714 2419 etiam
740 2378 907 2419 AJan
884 2409 922 2420 .
978 2378 1036 2420 At
1065 2380 1152 2420 Par.
1187 2386 1224 2420 1.
1257 2386 1296 2420 2.
1331 2384 1369 2420 5.
1411 2389 1456 2420 ut
1485 2381 1604 2430 edit„

174 2454 251 2490 nisi
279 2451 384 2504 quod
413 2447 501 2488 Par.
525 2452 560 2487 1.
590 2446 672 2486 alia
698 2445 865 2495 similia,
907 2446 995 2486 Par.
1018 2453 1058 2487 2.
1081 2452 1120 2488 5.
1152 2446 1251 2487 alita
1275 2450 1431 2487 semina.
1545 2450 1606 2485 in-

174 2516 347 2556 solubile.
404 2515 526 2556 Amb.
557 2519 592 2554 1.
624 2530 645 2554 a
672 2530 729 2568 pr.
761 2528 816 2553 m.
858 2513 1082 2563 involubile,
1131 2530 1153 2553 a
1181 2531 1259 2555 sec.
1287 2529 1343 2553 m.
1372 2528 1464 2553 cum
1495 2507 1602 2553 Flor.

177 2597 200 2621 3
215 2599 275 2636 pr.
298 2575 352 2624 111.
376 2580 610 2623 inviolabile.
695 2597 740 2619 ne
769 2580 816 2619 lis
845 2580 1007 2634 quidem.
1044 2580 1188 2630 <Amb.
1214 2587 1249 2622 1.
1281 2597 1303 2620 a
1323 2596 1399 2620 sec.
1422 2596 1475 2620 m.
1494 2580 1600 2619 Flor.

177 2653 381 2689 necessitas
410 2647 609 2704 quasdam.
666 2647 787 2690 Aan.
819 2651 859 2687 2.
899 2646 1016 2688 Voss.
1040 2652 1080 2688 3.
1110 2666 1156 2688 ne
1185 2651 1219 2688 is
1246 2647 1410 2703 quidem.
1469 2645 1601 2703 Guelf.

180 2732 224 2755 m·
253 2717 311 2754 his
339 2716 501 2770 quidem.
