1775 3091
387 201 439 241 atl
469 201 636 256 Quintil.
673 199 802 241 Instit.
838 198 901 248 V,
939 203 1004 240 14.
1047 203 1082 254 ξ.
1118 203 1315 242 22-34,
1497 210 1576 248 305

229 320 267 370 §.
299 321 368 358 29.
428 315 611 356 aliarum.
658 313 784 355 Amb.
810 319 847 354 1.
877 313 983 354 Flor.
1019 316 1139 356 etiam
1167 313 1339 356 illarum.
1455 320 1571 372 igna-

119 402 196 425 ros.
251 383 388 425 Guelf.
421 386 593 436 ignarus.
706 384 782 421 nisi
817 391 852 420 et
884 381 956 421 dcl.
1012 381 1118 423 Jens.
1145 392 1186 423 et
1216 384 1305 424 edd.
1331 393 1422 425 ante
1453 385 1565 428 sich,

116 457 306 493 omittunt
326 463 376 492 et.
485 451 694 492 allicimus.
743 449 851 490 Flor.
879 464 1041 505 quoque
1063 449 1279 504 alligemus.
1386 469 1436 494 ac
1457 470 1563 494 vcra.

115 519 237 561 Goth.
268 531 303 559 ct
333 536 371 560 υ.

227 601 263 651 §.
295 604 362 639 30.
421 596 628 652 Locuples.
685 594 808 637 Goth.
839 595 949 636 Jens.
980 595 1180 651 locuplex.
1299 610 1560 654 consequetur.

110 665 219 705 Flor.
249 681 271 705 a
289 682 348 719 pr.
374 681 429 706 m.
460 675 749 720 consequentur.
870 675 1113 704 contemtum.
1166 663 1305 706 Turio.
1334 678 1561 715 contentum,

110 747 133 771 a
154 748 231 772 sec.
256 749 307 771 m.
331 744 602 788 contemptum.
680 733 901 785 [servitute.
952 730 1045 771 Ald.
1076 741 1116 772 et
1138 747 1265 786 marg.
1296 731 1421 775 Basil.
1444 735 1563 775 habet

109 803 333 852 severitate,
369 802 477 856 quod
497 816 639 841 verum
659 803 800 855 utique
821 800 1010 852 videtum]

224 881 260 931 §.
293 886 360 920 31.
421 897 526 934 crgo.
579 878 646 920 Sic
669 882 790 919 etiam
810 878 935 918 Amb.
964 883 1002 919 1.
1101 879 1324 936 utifontes.
1366 878 1474 920 Flor.
1496 883 1562 920 in-

106 962 181 986 ser.
212 958 248 985 et
274 950 343 988 uti.
398 947 524 988 Amb.
556 953 593 988 1.
626 949 684 986 uti
809 948 932 1000 jejuni
1043 945 1205 1003 fontes,
1258 949 1328 988 sed
1352 951 1474 1001 jejuni
1504 958 1562 988 est

107 1029 129 1052 a
149 1030 224 1054 sec.
248 1031 304 1056 m.
409 1016 602 1056 latissimi.
653 1014 779 1054 Amb.
806 1020 843 1054 1.
865 1013 973 1054 Flor.
995 1017 1116 1054 etiam
1138 1015 1362 1055 beatissimi.
1434 1018 1557 1070 fluat.

104 1080 213 1122 Flor.
250 1085 371 1122 etiam
397 1083 536 1139 pluant
567 1084 616 1137 (a
640 1099 719 1122 sec.
742 1098 868 1121 manu
889 1082 1058 1137 fluant).
1120 1081 1246 1122 Amb.
1270 1084 1474 1138 1.fl1nmt.

104 1149 214 1189 Nam
243 1150 338 1205 quid
368 1174 424 1181 —-
454 1151 761 1191 custodientium.
820 1149 888 1190 Sic
910 1153 1031 1188 etiam
1052 1149 1159 1189 Flor.
1180 1149 1271 1190 Par.
1300 1155 1338 1189 1.
1362 1155 1401 1189 2.
1458 1166 1558 1204 pro—

103 1221 340 1271 sequentium
369 1217 491 1259 Amb.
520 1224 557 1259 1.
587 1217 725 1258 Turio.
756 1216 868 1257 Alm.
897 1232 1022 1269 marg.
1041 1216 1135 1257 Bas.
1158 1216 1267 1257 Jens.
1289 1227 1327 1257 et
1348 1209 1439 1257 e'dd.
1464 1227 1557 1258 ante

102 1283 205 1325 Bad.
241 1301 312 1339 pro
338 1288 646 1340 persequentium
670 1286 877 1325 exhibent.
984 1283 1140 1324 Graeci.
1196 1283 1322 1324 Amb.
1356 1290 1394 1324 1.
1434 1289 1555 1324 etiam

108 1351 293 1393 Gracchi.
380 1353 508 1393 (licere
529 1354 664 1394 solent.
712 1353 819 1392 Flor.
843 1369 873 1392 s.
900 1351 939 1392 cl.
1038 1363 1175 1391 mater.
1227 1350 1365 1391 Turic.
1387 1361 1427 1392 et
1443 1351 1555 1394 Flor.

102 1434 126 1459 a
146 1436 204 1473 pr.
225 1436 280 1460 m.
294 1422 481 1469 smatrem.
571 1438 633 1461 ac.
687 1420 895 1461 Omittunt
915 1418 1043 1460 Amb.
1070 1425 1106 1458 1.
1127 1418 1237 1458 Flor.
1325 1434 1393 1460 ex.
1444 1418 1555 1461 Flor.

101 1498 152 1527 et.
249 1498 285 1526 et
305 1505 463 1542 repugn.
511 1488 619 1528 Flor.
642 1491 763 1528 etiffln
778 1503 973 1542 propugn.

214 1568 251 1619 §.
288 1572 354 1607 32.
415 1584 464 1607 ac
481 1583 581 1608 vers.
633 1566 767 1608 Guelf.
798 1575 834 1605 et
859 1581 899 1606 v.
983 1565 1204 1620 provenire.
1256 1564 1422 1606 Omittit
1441 1564 1550 1608 Flor.

173 1633 313 1689 facta.
365 1633 490 1675 Amb.
516 1641 554 1675 1.
586 1638 707 1675 etiam
714 1637 838 1689 ficta.
948 1643 1139 1686 suspecta.
1195 1631 1263 1672 Sic
1288 1636 1406 1672 etiam
1424 1631 1553 1674 Amb.

102 1707 141 1741 1.
164 1701 271 1742 Flor.
378 1702 501 1741 dixit.
551 1701 676 1742 Amb.
705 1707 742 1741 1.
773 1701 878 1740 Flor.
910 1715 1071 1754 quoque
1092 1700 1214 1738 vineit.
1320 1700 1553 1739 Demosthe-

102 1785 197 1808 nem.
244 1767 370 1808 Amb.
397 1774 434 1808 1.
461 1770 755 1809 Demosthenen.
857 1767 968 1820 liujus
1000 1790 1057 1799 --
1088 1783 1168 1820 rep.
1217 1764 1343 1806 Aan.
1374 1771 1411 1806 1.
1440 1768 1553 1820 liujus

102 1838 225 1883 veris,
270 1845 309 1875 et
341 1839 388 1875 ab
417 1839 540 1876 altera
560 1852 684 1875 manu
703 1839 747 1874 in
767 1850 891 1888 marg.
912 1835 1111 1884 adjectum
1131 1832 1196 1872 vel
1212 1836 1325 1873 artis.
1374 1832 1482 1874 Flor.
1508 1835 1548 1875 h.

100 1918 231 1941 verum
251 1902 317 1941 vel
334 1906 433 1942 artis
454 1921 513 1956 r.‚
555 1920 577 1944 a
597 1920 672 1944 sec.
696 1919 750 1943 m.
785 1903 823 1943 li.
852 1903 1030 1940 veritatis
1059 1917 1093 1940 r.
1148 1899 1239 1940 Par.
1264 1904 1302 1939 1.
1333 1899 1370 1940 lz.
1393 1904 1472 1940 viri
1489 1901 1555 1942 vel

100 1972 199 2009 artis
222 1987 255 2009 r.
371 1988 473 2012 nam.
523 1970 648 2012 Amb.
672 1977 709 2012 1.
741 1971 849 2010 Flor.
882 1972 1003 2009 etiam
1033 1984 1123 2007 non.
1237 1970 1348 2021 pejus
1374 1991 1431 1999 -—
1447 1968 1548 2025 fac.

100 2037 225 2078 Amb.
245 2044 282 2079 1.
302 2038 410 2079 Flor.
432 2042 622 2079 omittunt
642 2041 860 2089 interjecta.
948 2046 1026 2076 cat.
1049 2035 1190 2088 ligant.
1224 2033 1350 2076 Amb.
1364 2039 1402 2076 1.
1425 2051 1448 2075 a
1466 2052 1546 2078 sec.

97 2121 153 2146 m.
174 2109 292 2146 inser.
316 2123 399 2146 nos.
498 2124 568 2161 pcr
590 2107 678 2146 hoc.
728 2104 850 2147 Goth.
872 2104 990 2145 Voss.
1012 2109 1049 2145 2.
1070 2120 1140 2157 per
1158 2103 1268 2143 liaeo.

212 2188 248 2238 ᾧ.
272 2191 336 2226 33.
388 2201 434 2225 ne
454 2188 517 2227 iis.
558 2183 687 2226 Guelf.
707 2184 818 2225 Sich.
843 2201 888 2223 ne
907 2183 981 2222 lzis.
1067 2198 1138 2230 mc,
1169 2184 1248 2236 qui.
1290 2180 1398 2221 Flor.
1423 2184 1545 2222 etiam

98 2271 228 2308 neque.
337 2253 452 2294 laeto.
501 2253 626 2293 Amb.
653 2258 690 2293 1.
711 2252 801 2292 Par.
828 2257 864 2292 1.
885 2257 927 2292 2.
951 2256 989 2291 3.
1012 2252 1134 2291 etiam
1156 2247 1254 2289 lato.
1349 2265 1398 2289 ac
1413 2265 1544 2304 persp.

101 2319 222 2362 Goth.
244 2331 279 2360 et
293 2339 335 2376 p.
436 2331 472 2361 et
492 2337 562 2361 ex.
608 2319 730 2361 Goth.
751 2334 831 2360 om.
857 2329 907 2360 et.

213 2412 249 2461 §.
280 2411 346 2451 34.
405 2422 598 2451 ornatum.
647 2409 785 2450 Turio.
820 2423 922 2464 apr.
943 2423 999 2449 m.
1029 2418 1183 2447 ornatu.
1285 2407 1349 2445 iis.
1403 2403 1542 2446 Turic.

99 2493 122 2517 a
142 2494 201 2531 pr.
224 2495 279 2518 m.
310 2481 358 2519 is.
406 2478 519 2519 Sich.
544 2494 703 2533 quoque
725 2478 799 2519 his.
885 2477 993 2517 Nam
1012 2487 1047 2515 et
1068 2491 1193 2530 saepe.
1245 2469 1369 2513 Goth.
1392 2486 1471 2512 om.
1492 2483 1542 2513 et.

185 2563 298 2600 saepe
313 2545 418 2600 plur.
441 2545 516 2585 luc.
564 2546 595 2586 F
598 2549 670 2586 lor.
690 2544 747 2600 pl.
770 2542 796 2587 l.
814 2562 846 2587 s,
928 2547 1017 2600 ipsa
1035 2541 1174 2583 transl.
1221 2536 1288 2581 Sic
1307 2542 1430 2579 etiam
1448 2537 1541 2579 Par.

103 2617 141 2653 1.
165 2619 206 2654 2.
247 2616 334 2668 ipsa
355 2616 502 2653 omittit
521 2612 629 2654 Flor.
744 2630 824 2653 esse
845 2613 1024 2654 audeant.
1066 2611 1175 2652 Jens.
1199 2609 1380 2649 ordinem
1399 2615 1542 2646 mutat.

103 2679 382 2735 [Scripturam
410 2681 552 2722 alludit
580 2681 759 2723 defendit
786 2682 1038 2724 Heindorfius
1070 2680 1122 2719 ad
1150 2679 1231 2733 131.
1265 2673 1465 2716 Ciceronis
1495 2674 1544 2714 de

147 2759 244 2796 Tom.
273 2760 314 2796 V.
1049 2746 1087 2787 U
