1775 3091
211 241 264 283 ml
292 240 454 295 Quintil.
485 238 614 281 Insrit.
641 238 722 292 IV,
745 244 784 280 3.
807 240 840 293 ξ.
874 239 1063 280 14-17,
1095 239 1134 279 4.
1165 240 1364 292 §.1—4.
1420 247 1501 283 223

85 354 182 397 Loc.
212 355 318 396 Ven.
350 363 481 395 antem
505 355 706 410 praeponi.
817 355 856 392 in
884 351 956 393 his.
1014 349 1136 393 Amb.
1151 358 1191 395 2.
1220 351 1327 394 Jens.
1359 363 1398 395 et
1415 355 1506 395 edd.

87 433 178 463 ante
218 422 328 465 sich.
371 424 411 464 in
449 424 512 463 iis.
645 417 1041 475 ἐπιχειρήματα.
1105 418 1230 461 Amb.
1263 426 1302 462 1.
1341 436 1510 463 επικι-

88 506 138 545 <²⁸
148 507 177 544 μ
190 506 299 531 ατα.

198 560 234 611 §.
265 563 306 598 2.
362 574 507 611 semper
535 559 592 596 uti
619 573 779 596 neccsse.
827 553 951 595 Amb.
971 561 1010 596 2.
1039 571 1197 611 quoque
1225 570 1305 597 om.
1334 558 1407 598 uii-

85 627 356 680 propositione.
414 623 550 664 anic.
587 623 694 663 Flor.
731 622 839 663 Jens.
871 620 971 663 Loc.
1007 623 1116 664 Ven.
1143 640 1322 679 prm-pos-
1434 624 1512 665 ali-

89 710 165 745 qua
194 709 339 747 quoque
364 694 475 730 satis.
534 690 600 731 Sic
631 694 750 730 etiam
778 690 902 730 Amb.
936 696 975 730 2.
1004 689 1094 731 Par.
1121 696 1167 732 ,1.
1197 690 1308 732 Sich.
1337 710 1376 733 α.
1407 709 1440 733 ε.
1470 710 1512 747 q.

88 759 195 799 Flor.
217 762 362 798 omittit
380 758 524 813 aliqua.
565 758 695 799 Coliu.
717 757 797 797 ulla
817 760 913 796 satis
931 775 1093 812 quoquc.
1130 757 1195 798 Ex
1214 757 1336 799 Amb.
1352 765 1388 800 1.
1409 760 1515 800 nihil

92 841 114 866 a
135 829 324 879 scriptura
356 824 549 866 Obrecht.
578 829 661 864 sine
681 828 948 879 propositione
977 842 1125 880 quoque
1156 825 1290 880 aliqua
1318 828 1516 868 diversum

90 902 263 934 notatur.
350 893 449 932 solet
466 895 505 932 in
532 909 683 945 argum.
731 890 852 933 Goth.
879 895 903 931 i.
929 910 954 931 a
971 909 1004 933 s.
1097 896 1208 934 sicut.
1258 893 1394 935 Turio.
1412 895 1517 955 fssi'·

93 960 210 1000 Voss.
245 964 283 1000 3.
323 971 361 999 ut
403 963 451 1000 si.
517 959 643 1000 Amb.
682 965 719 1000 1.
756 959 863 999 Flor.
904 959 1041 1013 Camp.
1080 963 1116 999 si
1148 971 1203 1001 ui.
1336 965 1518 1017 eoeposui.

94 1027 231 1067 Tul-ic.
258 1030 452 1081 exposuit.
539 1030 593 1066 iia
611 1039 721 1081 gesta
741 1037 839 1069 sunt.
881 1025 1016 1067 Turio.
1045 1027 1182 1082 Camp.
1209 1027 1330 1068 Bel-n.
1353 1045 1419 1069 om
1448 1032 1518 1078 ila,

95 1110 188 1135 cum
215 1094 329 1133 Alm.
360 1093 510 1145 Guelf.‚
540 1098 611 1149 qui
641 1098 759 1134 etiam
787 1112 820 1134 s.
846 1111 888 1149 g.
1002 1095 1171 1135 Indices.
1228 1095 1363 1136 Turio.
1391 1111 1412 1135 a
1439 1112 1518 1138 sec.

95 1177 150 1202 m.
180 1161 247 1201 scd
268 1161 408 1215 judex.
465 1160 603 1214 Camp.
631 1162 771 1213 judex.
883 1173 1094 1215 super-aius.
1150 1162 1278 1203 Amb.
1311 1168 1348 1203 1.
1381 1163 1519 1204 Turio.

93 1228 200 1268 Flor.
233 1226 367 1268 Guelf.
400 1226 521 1268 Goth.
548 1228 676 1269 Amb.
703 1235 743 1270 2.
784 1228 891 1270 JenS.
924 1238 962 1268 et
992 1229 1082 1269 edd.
1123 1231 1173 1286 ad.
1212 1230 1342 1271 Colin.
1373 1246 1520 1285 usque,

95 1311 188 1336 cum
217 1298 295 1335 illis
325 1311 385 1348 ap.
414 1295 639 1335 Burmann.
667 1307 867 1350 superatus
897 1307 974 1344 est,
1013 1299 1116 1336 sicut
1155 1298 1259 1352 apud
1290 1297 1523 1339 Ciceronem

96 1378 253 1417 quoque
301 1365 493 1402 librorum
535 1366 743 1403 auctoritas
790 1367 976 1417 postulat.
1118 1368 1159 1404 vi
1198 1368 1319 1406 victa.
1383 1365 1522 1408 'sm-ic.

97 1433 230 1470 Guelf.
261 1432 420 1470 invicta.
532 1433 606 1471 vis.
665 1429 802 1484 Camp.
826 1433 906 1484 jus,

216 1500 253 1550 ᾗ.
292 1503 330 1538 3.
389 1507 459 1537 est.
524 1497 604 1536 Sed
640 1515 728 1537 non.
794 1497 918 1538 Amb.
952 1502 989 1537 1.
1031 1513 1109 1538 om.
1151 1498 1243 1551 Sed,
1285 1514 1377 1540 cum
1414 1498 1523 1542 Flor.

99 1565 222 1606 Amb.
253 1571 292 1607 2.
327 1568 396 1620 qui
426 1581 500 1604 non
528 1582 694 1620 unquam
727 1566 835 1605 daut.
948 1565 1063 1604 valde
1092 1566 1199 1605 utilis
1228 1578 1294 1607 est.
1341 1567 1462 1609 Amb.
1485 1574 1525 1609 1.

98 1633 236 1673 Turic-
349 1648 439 1672 vero
468 1632 569 1672 deest
607 1633 753 1671 utiliter
793 1647 884 1672 cum
911 1632 1018 1673 Flor.
1051 1649 1072 1672 a
1104 1650 1164 1687 pr.
1195 1650 1275 1682 m.,
1314 1638 1391 1675 nisi
1420 1637 1527 1689 quod

101 1701 169 1740 llic
198 1699 326 1750 utilis,
365 1709 404 1739 et
433 1715 455 1738 a
481 1716 558 1740 sec.
589 1715 644 1740 m.
682 1699 795 1738 valde
824 1711 878 1737 est
911 1699 1030 1739 utilis.
1087 1700 1201 1742 Alm.
1239 1701 1341 1740 deest
1367 1704 1528 1743 utiliter.

103 1766 242 1819 Camp.
272 1783 361 1807 vero
385 1766 499 1805 valde
518 1777 649 1805 estut.
749 1769 968 1820 praecipue.
1019 1766 1225 1807 Omittunt
1253 1772 1372 1807 etiam
1399 1769 1529 1810 Amb.

107 1839 145 1874 1.
184 1833 291 1873 Flor.
331 1833 444 1872 Ahn.
503 1833 604 1884 [Hae
633 1836 846 1886 scripturae
875 1835 1080 1872 varietates
1120 1835 1217 1873 adeo
1254 1839 1530 1876 memorabiles

103 1910 215 1950 sunt,
255 1910 300 1940 ut
337 1901 588 1940 scribendum
622 1900 803 1940 videatur
870 1899 1047 1954 Tunquam
1088 1917 1178 1940 vcro
1225 1902 1327 1941 deest
1361 1903 1528 1952 utililer,

103 1969 169 2007 ubi
196 1985 255 2006 res
283 1967 438 2023 defendi
466 1984 540 2006 non
566 1978 704 2021 potest,
735 1978 768 2005 et
802 1967 847 2005 cle
863 1970 950 2022 fine
978 1969 1205 2021 quaeritura]
1306 1973 1404 2025 fine.
1464 1970 1531 2011 Sic

105 2038 227 2074 etiam
255 2035 360 2075 Flor.
388 2035 477 2075 Par.
502 2040 538 2074 1.
572 2051 661 2074 cum
690 2034 810 2074 Amb.
834 2039 885 2086 1.‚
919 2038 987 2089 qui
1016 2038 1152 2075 inserit
1181 2046 1215 2074 et
1245 2047 1334 2077 ante
1364 2038 1429 2087 de,
1460 2054 1532 2092 pa-

103 2106 197 2142 riter
226 2111 343 2157 atque
373 2103 462 2142 edd.
494 2116 516 2141 a
545 2100 646 2143 Bad.
678 2104 727 2142 ad
756 2101 883 2142 Stoer.
987 2102 1152 2142 sustulit.
1213 2101 1350 2158 Camp.
1381 2107 1533 2145 subsin-

105 2170 167 2210 lit.
280 2173 526 2222 cognoscitis.
586 2171 696 2212 Sich.
738 2173 997 2223 cognoscitur.
1120 2170 1189 2209 An
1232 2171 1286 2212 id.
1345 2172 1480 2214 Turio.
1511 2188 1535 2213 a

104 2232 164 2291 pr.
193 2251 249 2277 m.
277 2236 384 2278 Flor.
412 2238 465 2277 ad
491 2238 545 2279 id.

222 2305 260 2355 §.
292 2306 332 2344 4.
400 2317 465 2344 aut
504 2306 612 2346 mult.
678 2303 767 2345 Par.
807 2310 847 2345 2.
888 2321 935 2345 ac
971 2322 1023 2345 m.
1160 2318 1331 2361 propter.
1397 2306 1534 2349 Turio.

110 2370 248 2424 Camp.
267 2374 466 2413 omittunt.
495 2372 613 2414 Voss.
637 2378 671 2413 1.
691 2377 726 2412 3.
752 2389 837 2427 per.
923 2375 1029 2426 quin.
1059 2372 1192 2412 Etiam
1222 2373 1344 2413 Amb.
1364 2379 1401 2415 1.
1428 2374 1536 2416 Flor.

107 2437 198 2495 Par.
230 2444 267 2478 1.
298 2441 363 2493 qui
391 2443 442 2478 si.
499 2439 625 2481 Amb.
657 2446 695 2481 2.
727 2441 808 2492 qui.
919 2444 1147 2494 propositio.
1205 2439 1339 2482 Guelf.
1368 2459 1539 2497 praepo-

109 2507 218 2546 εἱίίο.
330 2521 399 2545 con
425 2510 619 2548 essionem.
688 2504 820 2546 Guelf.
850 2504 971 2546 Bern.
1011 2507 1105 2547 Ald.
1136 2511 1427 2549 concessionem.

111 2572 343 2612 adversarii.
406 2573 540 2615 Turio.
581 2590 604 2614 a
631 2589 690 2628 pr.
718 2588 774 2613 m.
805 2572 930 2613 Aan.
960 2580 997 2615 2.
1037 2574 1252 2614 adversari.
1375 2577 1539 2619 indicat.

109 2641 227 2680 Voss.
249 2646 289 2681 2.
319 2639 417 2680 ΑΜ.
441 2641 609 2695 judicat.
723 2641 790 2681 secl
818 2640 991 2695 adjuvat.
1050 2641 1184 2682 Etiam
1211 2641 1336 2684 Amb.
1363 2649 1402 2686 1.
1430 2643 1537 2687 Flor.

114 2720 136 2745 a
164 2722 224 2761 pr.
253 2722 305 2747 m.
329 2707 476 2762 judici,
534 2724 557 2749 a
585 2724 663 2750 sec.
693 2710 804 2750 addit
833 2708 901 2748 sed
929 2709 1103 2762 adjuvat.
