1775 3091
393 234 445 274 ad
477 231 637 283 Ouinhil.
673 230 799 269 Inslc't.
838 227 927 279 ῙῙῙ,·
948 234 986 270 2.
1017 233 1052 282 §.
1085 228 1281 267 ‹ui—054.
1476 221 1553 266 199

235 350 422 387 conscios.
475 344 572 385 ΑΜ.
605 348 743 384 socios.
841 343 1083 396 dis-posuerit.
1130 339 1264 381 Guelf.
1296 339 1553 393 disposuerat.

234 414 376 454 dicam·
434 413 538 453 Flor.
567 413 754 453 dicamus.

235 484 268 533 ᾧ.
298 483 365 522 49.
425 480 539 535 quale
567 491 634 518 cst.
697 478 833 519 Tul-ic.
863 493 884 518 a
905 494 962 532 pr.
987 495 1039 518 m.
1073 493 1149 532 qua
1180 486 1246 515 est.
1314 474 1420 514 Flor.
1450 488 1471 512 a
1493 488 1552 526 pr.

120 564 174 588 m.
208 566 305 603 quae
332 566 364 589 e.
425 546 558 588 Guelf.
591 546 716 601 qualis
744 564 776 586 e.
875 546 1087 585 Fulcinius.
1145 543 1321 597 Ajnb.1.
1354 558 1375 582 a
1396 557 1473 581 sec.
1497 555 1551 579 m.

122 616 160 668 (a
192 633 247 669 pr.
280 632 332 656 m.
365 614 520 668 Icinius)
549 614 684 654 Turio.
720 612 826 653 Flor.
859 613 1037 653 ulcinius.
1094 612 1203 654 Jens.
1234 611 1430 657 Fulcimcs.

122 700 219 737 quae
247 693 334 721 sunt
360 686 399 722 in
429 700 481 722 re.
541 681 676 722 Turio.
708 696 730 720 a
758 697 818 734 pr.
844 696 899 722 m.
932 684 998 736 qui
1028 698 1060 721 s,
1092 683 1119 721 ι’.
1149 698 1178 719 e.
1211 695 1303 719 cum
1330 676 1439 718 Alm.

119 750 178 789 Ac
205 753 342 808 pat-1123.
400 749 506 790 Flor.
538 765 699 805 quoque
757 760 791 788 et
817 760 923 804 part.
1022 765 1120 802 quae
1147 758 1239 787 acta
1266 749 1355 786 sint.
1416 743 1552 784 Turio.

122 831 144 855 a
173 833 231 870 pr.
259 832 314 857 m.
347 819 414 871 qui
443 833 466 856 α
497 835 528 858 s.
642 820 680 857 ἰιι
710 833 748 855 re
776 819 874 871 ipsa.
940 814 1053 856 Alm.
1085 814 1239 870 Gryph.
1281 823 1321 854 et
1359 813 1449 853 edd.
1487 826 1551 864 ap.

120 882 260 925 Burm.
320 887 359 924 in
393 902 433 923 re
449 885 587 941 facta.

235 953 273 1002 ξ..
305 957 372 993 50.
435 953 512 993 Ita.
572 951 704 993 Guelf.
735 951 856 993 Goth.
898 950 1025 991 Amb.
1056 956 1097 990 2.
1136 950 1254 989 Voss.
1287 963 1394 988 omn.
1432 945 1554 987 Bern.

121 1019 218 1059 idco.
319 1023 561 1059 nar-raliones
593 1020 829 1059 videbuntur.
869 1018 973 1058 Edd.
1009 1027 1098 1057 ante
1131 1016 1240 1057 Gibs.
1266 1017 1445 1056 ordinem
1464 1028 1557 1052 mu-

121 1095 220 1127 tant.
345 1087 606 1143 interfatione.
666 1086 734 1126 Sic
773 1091 892 1125 etiam
930 1084 1051 1125 Amb.
1084 1090 1120 1124 1.
1159 1084 1264 1123 Flor.
1305 1099 1326 1122 a
1355 1099 1431 1122 sec.
1473 1096 1555 1131 m.‚

124 1163 257 1193 tamen
293 1155 358 1193 hic
390 1170 411 1193 a
441 1171 499 1207 pr.
534 1170 584 1192 m.
617 1153 894 1210 inlerfflwione.
1039 1167 1136 1205 qnae
1162 1161 1250 1189 anie
1277 1162 1380 1190 acta.
1421 1147 1554 1189 Guelf.

123 1225 248 1261 omitt.
281 1232 384 1261 acta.
499 1225 758 1276 insequuntur.
817 1218 950 1260 Guelf.
982 1223 1212 1259 insecuntur.

234 1291 268 1340 §.
300 1294 364 1329 51.
425 1306 567 1343 quoque
594 1290 665 1328 lzis.
724 1288 842 1326 Hunc
873 1289 1054 1327 ordinem
1082 1294 1239 1325 servant
1275 1287 1395 1324 etiam
1433 1281 1553 1323 Amb.

125 1361 162 1396 1.
201 1355 311 1397 Flor.
374 1356 433 1395 his
463 1373 611 1410 qnoque
640 1371 690 1395 ex
720 1356 808 1394 edd.
846 1364 936 1394 ante
973 1354 1101 1394 Stoer.
1145 1369 1303 1408 quoque
1333 1352 1444 1392 Sich.

124 1427 382 1464 commonitio.
436 1422 564 1463 Amb.
594 1430 633 1463 2.
664 1422 781 1462 Voss.
820 1427 857 1462 3.
888 1420 1010 1462 Bern.
1044 1420 1164 1462 Goth.
1193 1420 1306 1461 Vall.
1338 1421 1554 1460 commotio.

250 1490 397 1531 Cicero.
443 1490 581 1544 Camp.
624 1492 733 1529 addit
785 1506 859 1545 pro
899 1489 1081 1542 Ligario.
1192 1488 1320 1544 facit.
1360 1484 1480 1527 Amb.
1517 1491 1554 1525 1.

126 1558 276 1600 Cervic.
307 1559 427 1613 ficit.
585 1557 752 1606 Caesar,
797 1558 845 1609 Q.
885 1556 1089 1610 Ligarius.
1153 1554 1289 1596 Turio.
1342 1571 1364 1594 a
1401 1571 1459 1608 pr.
1498 1570 1552 1595 m.

128 1626 345 1680 Caesarque
372 1626 463 1679 Lig.
526 1626 664 1679 Camp.
711 1624 818 1665 Caes.
854 1627 967 1679 quasi
994 1624 1087 1677 Lig.
1226 1634 1282 1662 est
1313 1639 1497 1676 egressus.

129 1693 282 1734 Cervic.
316 1696 441 1733 omitt.
477 1705 544 1733 est.
662 1703 732 1732 cic.
792 1692 901 1732 Jens.
933 1695 1052 1731 etiam
1083 1702 1313 1732 et-caetcra.

238 1765 273 1814 §.
308 1765 373 1801 52.
432 1763 467 1799 si
497 1776 646 1800 causas,
707 1758 816 1798 Flor.
848 1761 888 1797 in
924 1775 1075 1798 causas,
1206 1760 1464 1797 convenientes
1493 1759 1554 1798 iis.

126 1826 252 1867 Amb.
286 1833 323 1867 1.
366 1825 499 1867 Guelf.
540 1826 678 1879 Camp.
717 1825 826 1865 Jens.
867 1829 964 1866 Loc.
1001 1825 1109 1865 Ven.
1151 1824 1262 1865 Sich.
1295 1841 1449 1865 convert.
1480 1825 1554 1866 his.

239 1893 434 1934 adulterii.
484 1894 622 1947 Camp.
654 1892 879 1933 adulterum.
983 1892 1199 1932 homicidii.
1263 1890 1400 1945 Camp.
1430 1892 1556 1931 lzomi-

130 1963 272 2002 eidam.
357 1962 420 2001 vel
443 1972 578 2000 contra
607 1963 653 2000 si.
711 1959 816 2000 Flor.
850 1975 1009 2014 quoque
1043 1959 1106 1998 vel
1131 1960 1190 1998 his
1211 1962 1410 1998 contraria
1435 1961 1470 1998 si

131 2030 220 2069 loca
259 2041 291 2068 ct
332 2041 444 2084 temp.
511 2031 576 2068 Sic
606 2030 725 2067 etiam
753 2026 870 2067 Voss.
902 2033 964 2078 2.‚
1005 2036 1043 2066 et
1080 2042 1130 2066 ex
1168 2027 1258 2066 edd.
1292 2036 1394 2080 post.
1431 2025 1553 2066 Basil.

131 2096 260 2138 Colin.
376 2107 410 2136 et
439 2097 498 2135 his
524 2095 680 2135 similia.
741 2093 807 2134 Sic
838 2098 957 2134 etiam
985 2093 1074 2134 Par.
1109 2099 1144 2133 1.
1177 2099 1216 2134 3.

243 2166 279 2217 §.
313 2168 379 2216 53,
437 2164 594 2218 quidam
621 2173 654 2200 ct
686 2161 833 2201 (luctus.
882 2160 952 2202 Sic>
978 2165 1097 2200 etiam
1122 2160 1228 2200 Flor.
1265 2159 1389 2201 Amb.
1405 2167 1446 2202 2.
1490 2159 1556 2200 Ex

130 2230 254 2271 Amb.
290 2237 326 2272 1.
357 2232 462 2270 nihil
495 2234 542 2270 ab
573 2229 765 2271 Obrecht.
797 2232 987 2282 scriptura
1014 2232 1128 2268 etiam
1158 2229 1356 2268 diversmn
1382 2235 1554 2267 notatur.

245 2296 413 2338 comoed.
445 2302 559 2337 etiam
585 2308 630 2335 et.
688 2297 755 2337 Sic
785 2300 908 2336 etiam
933 2297 1057 2337 Amb.
1076 2302 1112 2336 1.
1144 2295 1237 2351 (nisi
1266 2296 1373 2350 quod
1401 2297 1459 2334 bis
1489 2293 1554 2346 et).

134 2373 174 2407 2.
213 2365 319 2406 Flor.
350 2366 438 2405 Par.
464 2371 501 2406 1.
529 2365 567 2406 2.
593 2370 630 2406 5.
664 2364 794 2406 Col'm.
910 2367 950 2403 in
977 2367 1118 2404 mimis.
1176 2363 1311 2404 Turio.
1342 2378 1365 2402 a
1392 2362 1475 2402 sec.
1498 2375 1554 2401 m.

133 2442 172 2472 et
208 2434 298 2473 fort.
343 2418 462 2471 e'fimfi
490 2431 624 2472 Guelf.
656 2435 695 2470 in
724 2433 903 2480 minimis.
970 2430 1108 2484 Cump.
1139 2432 1329 2471 immunis.
1470 2428 1559 2467 bene

127 2503 279 2555 priora.
311 2498 434 2538 Amb.
464 2504 500 2538 1.
520 2499 669 2538 'ordine
696 2507 864 2539 mutato.
978 2498 1082 2554 quod
1098 2509 1241 2554 postea.
1291 2496 1429 2550 Camp.
1461 2511 1558 2551 quae

128 2579 277 2621 postea.
816 2578 819 2582 '

245 2636 279 2686 §.
312 2634 380 2674 54.
440 2648 569 2671 verum
599 2635 677 2681 sic,
718 2642 770 2673 ut.
840 2631 977 2673 Turio.
1016 2631 1126 2673 Alm.
1156 2647 1286 2670 ver-um
1317 2633 1430 2671 sicut.

134 2717 209 2741 ηοη
237 2701 388 2745 probat.
449 2700 554 2740 Flor.
587 2715 610 2740 a
638 2715 695 2754 pr.
727 2715 782 2740 m.
817 2698 952 2741 Guelf.
983 2699 1107 2742 Amb.
1126 2704 1168 2742 2.
1195 2701 1412 2741 Voss.1.3.
1443 2698 1562 2738 omit-
