1775 3091
228 264 306 300 222
569 258 572 262 ’
668 256 938 312 Supplementa
965 260 1223 299 annotationis

225 386 320 411 nam
360 382 529 412 actutum
561 371 636 411 sibi
673 369 888 423 displicere.
949 369 1063 412 Certe
1101 368 1184 411 11011
1219 374 1363 425 legitur
1400 374 1494 412 alias
1536 373 1641 426 apud

226 437 537 489 Qqutilianum.
651 436 827 476 devertit.
884 437 1019 479 Turio.
1044 454 1066 479 a
1090 455 1169 479 sec.
1197 454 1253 480 m.
1281 437 1401 481 Goth.
1434 439 1571 494 Camp.
1602 449 1642 481 et

224 508 314 546 edd.
344 521 453 545 meae
483 520 618 545 omnes
648 514 738 544 ante
766 503 881 545 Leid.
913 505 1083 547 divertit.
1642 535 1646 538 -

335 576 370 624 §.
403 574 465 613 14.
523 571 876 626 Παρέκβασις.
935 572 1070 614 Turio.
1101 571 1469 629 παρερβάσεις.
1515 573 1641 613 Amb.

226 647 264 682 1.
292 641 536 696 pat-cubasis.
632 639 809 694 alicujus.
859 639 925 680 Sic
952 643 1073 694 etiam
1100 641 1223 682 Amb.
1247 647 1283 682 1.
1305 647 1344 682 2.
1373 640 1460 682 Par.
1484 647 1520 682 1.
1547 647 1585 682 2.
1601 646 1642 681 3.

329 710 566 762 pertinentis.
627 705 748 748 Goth.
778 707 892 747 Voss.
910 714 948 749 2.
974 711 1180 763 pertinens.
1284 726 1353 749 cur
1376 709 1486 749 hunc.
1532 707 1639 748 Flor.

222 779 336 816 inser.
377 775 462 816 hoc.
576 777 782 828 assignent.
839 775 963 816 Amb.
998 782 1035 816 1.
1077 780 1289 829 assignant.
1399 776 1473 815 hoc
1509 792 1643 815 nomen

224 847 294 883 ita.
354 843 420 883 Sic
450 845 570 883 etiam
606 842 712 883 Flor.
760 841 871 882 Ante
901 842 1052 897 Gryph.
1088 846 1214 883 omitt.
1244 860 1376 882 nomen
1405 842 1513 884 Sich.

220 914 256 950 si
295 910 458 965 aliquid.
527 909 661 951 Guelf.
701 909 826 950 Amb.
858 916 897 951 2.
940 914 978 950 si
1014 909 1146 950 alicui.
1213 909 1330 951 Voss.
1365 915 1401 951 1.
1440 915 1478 950 3.
1519 908 1639 950 Bern.

220 981 257 1018 si
283 979 396 1018 (iiius.

333 1048 370 1097 §.
401 1051 466 1087 15.
525 1044 721 1101 quidquid.
770 1044 903 1086 Turio.
923 1045 1029 1100 quid.
1131 1043 1327 1101 reficiatio.
1373 1044 1644 1085 Turic.·resti-

218 1116 328 1153 tutio.
424 1114 497 1153 his.
543 1113 640 1153 Ald.
665 1116 725 1154 iis.
808 1116 981 1152 minutio.
1026 1111 1149 1153 Amb.
1176 1118 1212 1152 1.
1245 1115 1412 1165 omittit3
1461 1128 1534 1152 :nec
1553 1115 1644 1166 pla-

218 1191 280 1223 cet
301 1185 386 1221 siue
409 1183 563 1234 copula.
650 1197 771 1221 omne.
819 1179 944 1222 Amb.
968 1185 1005 1220 1.
1025 1179 1155 1220 Turio.
1177 1180 1283 1220 Flor.
1307 1196 1329 1220 a
1347 1197 1407 1234 pr.
1427 1196 1481 1220 111.
1505 1183 1641 1220 omnis.

295 1248 520 1303 jucundam.
558 1247 692 1288 Turic.
708 1248 932 1300 jocundam.
1018 1264 1156 1287 rerum.
1195 1247 1331 1287 Turio.
1352 1263 1446 1300 apr.
1458 1262 1513 1287 m.
1527 1263 1642 1286 reum.

328 1321 363 1369 §.
397 1321 461 1357 16.
517 1315 596 1355 Sed
626 1316 810 1370 plurima.
867 1315 1000 1355 Etiam
1030 1315 1151 1355 Amb.
1186 1321 1221 1355 1.
1256 1324 1293 1354 et
1319 1314 1426 1355 Flor.
1455 1330 1555 1368 apr.
1583 1329 1640 1354 m.

219 1395 255 1423 et
292 1384 477 1438 plurima.
600 1394 699 1423 sunt.
755 1383 862 1423 Flor.
902 1399 925 1422 a
959 1399 1018 1436 pr.
1049 1399 1103 1423 m.
1138 1385 1264 1422 omitt.
1375 1380 1475 1421 nihil
1500 1397 1641 1420 secum.

219 1452 352 1493 Guelf.
383 1450 506 1490 Aan.
537 1456 576 1490 2.
617 1467 691 1489 non
723 1450 943 1490 secundum.
1003 1449 1102 1489 Ald.
1135 1466 1209 1489 non
1240 1466 1378 1489 secum.
1492 1464 1547 1487 ex
1574 1466 1642 1488 ne-

217 1521 405 1560 cessitate.
463 1517 599 1556 Turio.
631 1533 684 1555 ex
712 1520 984 1556 necessitatem.
1039 1516 1128 1556 Par.
1163 1522 1200 1556 1.
1233 1522 1270 1556 3.
1302 1520 1427 1556 omitt.
1459 1532 1528 1555 ex.

216 1587 393 1626 dicimus.
449 1583 573 1625 Amb.
599 1590 635 1624 1.
668 1583 788 1624 Goth.
822 1584 1005 1633 ducimus,
1038 1585 1142 1637 quod
1172 1587 1344 1623 malebat
1371 1583 1639 1638 Spaldingius.

337 1655 372 1692 si
402 1652 508 1706 qnid.
565 1651 700 1691 Turio.
746 1651 853 1691 Flor.
897 1667 919 1690 a
948 1668 1006 1704 pr.
1044 1666 1100 1690 111.
1139 1650 1313 1705 siquod.
1376 1651 1494 1692 Voss.
1529 1658 1566 1693 1.
1599 1658 1638 1693 3.

213 1721 335 1762 Bel-n.
366 1722 401 1758 si
431 1722 528 1773 quis.
577 1718 700 1758 Amb.
733 1725 772 1758 2.
804 1721 909 1772 quis,
941 1722 1079 1757 omisso
1108 1720 1153 1757 si.
1209 1717 1342 1758 Guelf.
1373 1719 1467 1774 quid
1490 1723 1533 1759 si.

213 1792 457 1828 interventus.
514 1787 621 1827 Jens,
655 1784 753 1825 Loc.
782 1785 890 1824 x'eu.
923 1788 1215 1824 intervenientis.

327 1857 362 1907 §.
396 1860 459 1895 17.
515 1854 595 1893 Cic.
627 1870 784 1908 quoque.
836 1852 941 1893 Jens.
984 1863 1022 1893 et
1052 1862 1141 1892 cett.
1173 1862 1262 1892 ante
1291 1852 1463 1893 Badium
1494 1872 1641 1910 quoque

219 1924 302 1965 Cic.
418 1922 583 1975 digredi.
654 1920 788 1960 Turio.
829 1935 851 1959 a
881 1936 939 1974 pr.
969 1936 1022 1961 ln.
1060 1920 1170 1960 Alm.
1209 1919 1333 1960 Amb.
1372 1928 1411 1963 2.
1452 1922 1568 1963 Voss.
1599 1929 1639 1964 3.

217 1991 387 2045 degredi.
525 2006 612 2044 qua.
677 1987 812 2028 TurIc.
852 1988 954 2027 Flor.
993 2003 1015 2027 a
1050 2005 1106 2041 pr.
1147 2004 1201 2027 m.
1245 1991 1350 2043 quia.
1477 1991 1638 2031 Poterit.

213 2060 321 2100 Flor.
354 2074 376 2097 a
407 2074 465 2111 pr.
499 2073 553 2098 m.
594 2055 718 2096 Amb.
751 2062 788 2095 2.
830 2055 919 2095 Par.
952 2060 990 2096 5.
1029 2067 1172 2110 potest,
1221 2060 1482 2098 verisimiliter
1518 2062 1639 2098 etiam

215 2127 337 2168 Amb.
362 2132 397 2166 1.
511 2124 612 2163 velut
644 2123 1016 2163 oommemlationcm.
1074 2123 1180 2164 Flor.
1212 2125 1274 2164 vel
1301 2127 1637 2167 commendatione.

327 2193 476 2247 adjicit.
536 2192 642 2232 Flor.
685 2191 824 2230 adicit.
937 2191 1018 2241 At,
1059 2194 1138 2244 qui.
1168 2192 1272 2233 Flor.
1297 2192 1418 2233 Amb.
1445 2200 1484 2234 2.
1528 2193 1636 2234 Jens.

216 2260 315 2301 Loc.
365 2265 470 2302 Ven.
519 2263 638 2299 etiam
688 2269 814 2312 atque.
953 2258 1079 2297 media
1128 2263 1301 2314 erumpit.
1368 2260 1474 2301 Flor.
1519 2262 1640 2301 medie

216 2332 372 2383 rumpit.
497 2327 549 2367 (αἱ
587 2327 629 2366 ἰιῖ
668 2326 747 2365 recl.
787 2325 869 2364 (leb.
925 2324 1061 2379 Camp.
1107 2326 1144 2365 (ἵ.
1179 2345 1217 2367 α.
1249 2331 1277 2367 ι’.
1309 2346 1342 2367 r.
1465 2322 1639 2370 devertit.

215 2394 334 2437 Goth.
364 2405 402 2436 et
434 2411 568 2435 omnes
595 2395 685 2434 edd.
714 2407 825 2432 meae
856 2402 946 2432 ante
975 2392 1114 2434 Burm.
1146 2394 1319 2436 divertit.

768 2559 803 2601 C
834 2574 862 2600 Α
894 2577 932 2602 1‘.
989 2560 1075 2604 IV.

327 2665 364 2714 §.
389 2671 425 2705 1.
475 2664 747 2719 respondimus.
798 2661 949 2703 Cervic.
984 2664 1301 2718 respondebimus,
1387 2663 1633 2705 ostendentia.

213 2730 349 2772 Turio.
389 2732 622 2772 ostentenda.
734 2732 841 2784 poni.
895 2729 984 2769 Par.
1019 2736 1051 2769 1.
1089 2747 1247 2786 quoque
1281 2734 1459 2787 proponi.
1523 2731 1628 2773 Jens.
