1775 3091
158 246 212 283 36
598 239 873 296 Supplementu
899 241 1166 281 αηηοὶὰΐίοηίε

164 354 250 397 ead.
295 354 385 396 Par.
418 360 457 395 1.
515 356 610 409 quia
645 353 731 395 eacl.
775 352 865 395 Par.
895 360 937 396 2.
977 353 1086 394 Jens.
1128 360 1168 394 et
1196 351 1287 392 edd.
1316 359 1482 405 posterr.
1511 358 1603 390 ante

162 422 319 477 Gryph.
376 426 470 477 quia
507 425 549 461 in
587 422 684 462 ead«
705 419 842 461 Turio.
873 437 897 462 a
924 437 980 462 m.
1010 437 1088 461 sec.
1204 422 1361 473 itaque5
1398 422 1453 458 ita
1482 419 1606 457 etiam

163 490 302 544 Turjc.
336 506 358 529 a
389 506 447 543 pr.
479 505 559 541 m„
599 491 690 528 fort.
722 488 828 528 Flor.
885 493 1020 543 utique
1049 486 1188 528 Turio.
1220 503 1243 527 a
1268 502 1323 527 m.
1354 502 1431 526 sec.
1464 484 1603 537 Camp-

161 560 252 597 fort.
285 557 411 598 Amb.
436 563 474 597 1.
592 555 719 595 cludet
745 559 867 595 etiam
896 555 1062 608 Turicq
1099 555 1207 596 Flor.
1237 557 1317 595 ita:
1350 553 1499 594 claudit
1517 567 1606 592 voc.

161 642 271 664 suam
298 625 367 665 lat.
417 625 539 665 Paris.
571 628 608 663 1.
640 629 666 663 2
698 622 859 664 claudit.

278 697 314 745 §.
349 698 414 733 32.
473 693 738 730 miotam'smos
768 689 896 732 Amb.
930 697 968 731 1.
1025 693 1294 731 miotaci-smus
1324 687 1464 729 Turio.
1498 686 1607 727 Flor.

164 763 363 800 constanti
401 774 552 810 errorez,
601 758 700 797 haec
742 762 880 798 olmlia
925 762 1058 798 latinis
1095 761 1236 798 litteris
1274 760 1453 798 scribunt
1489 756 1610 794 multi

163 829 279 867 codd.
311 837 351 867 et
378 829 466 866 edd.

277 900 313 948 §.
346 900 411 935 33.
471 892 750 933 inenarrabiles
774 895 896 932 etiam
924 890 1063 932 Turic.
1094 891 1201 932 Flor.
1231 891 1372 945 Camp.
1393 889 1483 931 Par.
1510 893 1546 928 1.
1570 891 1608 927 6.

164 962 236 1012 (1.
261 962 305 1001 2.'
324 962 486 1001 Pottier.
516 965 559 999 in
589 961 713 1014 edit.)
743 963 834 999 fort.
866 958 991 999 Amb.
1013 968 1051 1000 1.
1111 958 1405 998 innumerabiles
1431 957 1540 997 Jens.
1572 963 1612 994 et

164 1029 254 1067 edd.
280 1038 446 1081 ‚postem
478 1038 570 1068 ante
599 1028 711 1068 Sich.
828 1027 964 1081 quibus
995 1043 1187 1081 nonnunq.
1231 1029 1281 1067 cf.
1313 1027 1435 1080 praef.
1465 1025 1560 1065 Vol.
1591 1024 1613 1062 I

162 1110 251 1148 pag.
282 1094 491 1136 LXXVI.
609 1095 655 1133 cle
685 1095 822 1149 quibus
841 1111 963 1148 supra
992 1098 1113 1134 etiam
1132 1093 1270 1134 Turio.
1288 1093 1394 1134 Flor.
1418 1091 1545 1132 Aan.
1572 1095 1609 1129 1.

168 1161 309 1216 Camp.
343 1165 450 1204 Jens.
484 1173 522 1204 et
550 1163 640 1202 edd.
670 1172 836 1215 posterr.
871 1171 962 1201 ante
993 1160 1149 1216 Gryph.
1265 1161 1362 1200 dixi
1389 1159 1517 1200 Amb.
1543 1162 1582 1198 1.

276 1235 310 1281 ξ.
343 1232 409 1270 34.
458 1231 631 1271 vocibus.
670 1229 872 1269 vocabulis
893 1228 1010 1269 Bodl.
1053 1229 1270 1268 Accedunt
1290 1226 1429 1267 Turio.
1456 1225 1610 1278 Camp.‚

165 1300 236 1351 qui
270 1298 367 1336 dant
393 1298 609 1337 vocalibus.
726 1307 914 1336 contextu
951 1307 1017 1335 aut
1049 1300 1176 1336 omitt.
1207 1299 1291 1335 sine
1322 1297 1443 1334 dubio
1471 1292 1609 1333 Turio.

163 1363 269 1403 Flor.
312 1363 438 1405 Amb.
479 1370 514 1404 1.
560 1364 700 1418 Camp.
720 1397 729 1415 ‚
781 1381 802 1403 e
842 1367 985 1419 quibus
1014 1367 1181 1404 varietas
1210 1366 1325 1402 nulla
1351 1369 1610 1411 memoratur,

166 1435 356 1472 omittunt
385 1447 525 1486 porro,
560 1432 753 1473 Pottierio
782 1433 924 1471 diser-te
953 1441 1147 1483 testante,
1188 1431 1312 1471 Paris,
1345 1435 1381 1470 1.
1419 1434 1457 1469 3.
1518 1444 1613 1468 oon-

164 1510 278 1538 ται-ιιι
304 1499 368 1539 vel
396 1501 554 1539 additur
582 1502 626 1537 in
654 1499 779 1540 Paris.
800 1505 839 1540 2.

277 1571 312 1619 ξ.
346 1571 413 1620 35.
471 1570 531 1607 sic
557 1566 708 1615 reddit,
749 1577 802 1605 ut.
862 1567 949 1606 Hoc
978 1569 1066 1606 loco
1096 1575 1203 1606 recte
1223 1565 1352 1605 haesit
1374 1565 1609 1618 Spalding.;

165 1650 256 1674 ecce
297 1635 501 1673 medelam
539 1636 653 1673 affert
690 1634 817 1675 Amb.
848 1639 911 1674 1.:
957 1636 1008 1673 sit
1040 1635 1263 1681 redditura,
1303 1643 1370 1683 ut5
1405 1633 1513 1670 idem
1544 1633 1612 1671 dat

165 1701 273 1742 Flor.
317 1717 339 1741 a
377 1718 431 1742 m.
471 1718 549 1742 sec.
586 1701 688 1754 (nisi
728 1703 837 1756 quod
877 1713 943 1740 aut
979 1705 1144 1756 reliquit
1183 1709 1398 1751 corrector3
1448 1704 1504 1739 sit
1531 1702 1611 1751 jam

165 1779 248 1808 erat
279 1784 301 1808 a
329 1784 387 1821 pr.
417 1770 515 1822 m.)
577 1769 751 1808 Accedit
787 1768 926 1809 Turio.
960 1785 983 1809 a
1011 1786 1072 1823 pr.
1103 1784 1186 1808 m.:
1232 1770 1290 1806 sic
1321 1767 1498 1806 redditur
1527 1778 1608 1819 aut,

166 1845 205 1875 et
241 1839 323 1888 ipse
365 1834 527 1876 Guelf.:
588 1839 623 1874 si
660 1836 831 1875 creditur
868 1847 948 1876 aut.
1071 1835 1277 1892 manffesie
1318 1834 1512 1874 calumnia
1554 1845 1610 1874 est

165 1902 291 1954 Obr.3
334 1903 542 1959 manifeste
573 1906 727 1958 aliquot
758 1905 871 1943 codd„
907 1913 947 1944 et
975 1905 1091 1955 edd.,
1139 1919 1160 1942 e
1190 1904 1333 1957 quibus
1363 1912 1420 1942 est
1442 1901 1607 1956 camp-3

162 1972 232 2008 sed
260 1981 460 2023 receptam
486 1981 621 2011 tuetur
648 1970 773 2011 Amb.
800 1977 836 2011 1.
877 1981 917 2011 et
954 1975 1023 2011 alii
1059 1973 1249 2025 profecto-
1365 1981 1421 2009 est
1448 1986 1611 2025 separa-

163 2046 244 2074 ium
274 2034 411 2076 Turio..
446 2038 552 2077 Flor.
584 2037 708 2077 Amb.
735 2043 771 2077 1.
807 2037 946 2091 Camp.
970 2038 1094 2078 Paris.
1118 2044 1156 2078 3.
1179 2044 1218 2079 5.
1252 2036 1325 2092 (iu
1355 2043 1394 2077 1.
1416 2047 1456 2077 et
1471 2043 1512 2078 2.
1535 2053 1609 2076 au-

162 2112 244 2142 tem
276 2120 403 2158 separ.
437 2105 532 2158 est.)
591 2107 803 2156 separatim
829 2116 885 2144 est
915 2105 1026 2145 Sich.

274 2175 309 2223 §.
343 2176 409 2211 36.
469 2174 527 2211 uti
554 2175 591 2211 si
622 2189 738 2211 unum
765 2170 903 2212 Turio.
933 2171 1041 2212 Flor.
1075 2170 1214 2225 Camp.
1248 2180 1288 2211 et
1318 2171 1407 2211 edd.
1440 2180 1603 2224 posterr.

164 2245 254 2276 ante
292 2236 402 2278 Sich.
518 2240 567 2279 ab
603 2242 866 2293 interrogante
901 2238 1040 2279 Turio.
1083 2243 1190 2280 Flor.
1230 2237 1355 2278 Amb.
1392 2243 1429 2277 1.
1470 2236 1605 2279 Guelf.

161 2305 307 2345 Joann.
336 2305 454 2346 Voss.
478 2311 515 2346 1.
550 2306 672 2347 Bern.
705 2306 845 2360 Camp.
876 2307 984 2347 Jens.
1018 2316 1057 2347 et
1084 2307 1172 2346 edd.
1194 2316 1357 2360 posterr.
1379 2317 1471 2347 ante
1491 2308 1603 2349 Sich.

245 2372 345 2412 illud
384 2373 485 2412 idem
525 2372 647 2415 Goth.
689 2390 781 2415 cum
818 2374 926 2414 Jens.
967 2384 1006 2414 et
1048 2375 1137 2414 edd.
1177 2383 1339 2428 posterr.
1370 2384 1462 2415 ante
1492 2375 1604 2417 81011.

163 2438 266 2478 idem
295 2439 397 2479 illud
424 2440 547 2481 Paris.
575 2448 614 2483 2.

275 2511 311 2559 §.
340 2512 406 2548 37.
463 2525 577 2564 posse
614 2513 741 2550 omitt.
780 2512 901 2549 etiam
927 2507 1066 2550 Turio.
1097 2509 1204 2550 Flor.
1236 2508 1360 2551 Amb.
1383 2515 1419 2549 1.
1449 2508 1540 2550 Par.
1563 2515 1600 2550 1.

165 2578 202 2614 6.
244 2573 361 2627 (cum
388 2586 545 2616 servent
573 2583 613 2618 2.
633 2576 701 2633 5.)
732 2576 869 2630 Camp.
985 2580 1236 2632 significatur
1264 2580 1385 2617 etiam
1416 2576 1553 2629 Camp.

275 2646 310 2694 §.
339 2647 405 2701 38.
459 2644 526 2682 Fit
556 2644 651 2699 aliq.
713 2647 765 2684 sit
802 2644 896 2699 aliq.
942 2642 1079 2685 Turio.
1110 2644 1215 2685 Flor.
1247 2644 1370 2685 Amb.
1396 2649 1432 2684 1,
1464 2643 1599 2684 Guelf.

163 2707 302 2764 Camp.
332 2708 432 2751 ΑΜ.
462 2713 577 2751 bene.
694 2728 762 2753 nec
787 2711 862 2752 Ῐιοο
875 2710 987 2769 fecit
1015 2710 1154 2753 Turio.
1182 2712 1289 2753 Flor.
1309 2711 1426 2752 Bodl.
1449 2710 1595 2752 Baliol.
