1775 3091
421 276 475 317 ad
503 277 668 331 Quintil.
702 276 830 319 Instit.
861 275 942 327 IV,
974 283 1013 319 2.
1053 280 1089 331 §.
1122 278 1344 322 94—105.
1514 291 1593 327 211

275 392 311 442 §.
343 395 436 430 100.
494 400 641 430 tantum
675 391 929 448 definclenda.
980 389 1049 432 Sic
1077 392 1197 431 etiam
1223 390 1349 434 Amb.
1368 400 1407 437 2.
1439 395 1530 438 Par.
1551 404 1590 440 1.

162 460 202 495 2.
233 460 272 496 3.
314 459 352 496 5.
389 456 500 498 Sich.
624 457 705 516 def
741 462 832 499 sint.
897 457 1036 513 Camp.
1077 459 1158 516 deff:
1197 471 1300 503 sunt.
1425 465 1588 519 cecidit,

160 533 210 561 ct.
275 522 342 563 Sic
380 528 498 565 etiam
537 525 642 567 Flor.
773 526 969 567 obtinebit.
1036 524 1161 569 Goth.
1197 527 1306 571 Jens.
1340 528 1441 573 Loc.
1476 531 1587 576 Ven.

158 591 354 643 optinebit.

269 659 305 710 §.
349 663 441 699 101.
512 659 625 712 Quod
652 663 688 700 si
710 677 821 715 pars.
880 659 1015 702 Turic.
1050 661 1168 704 Alm.
1208 665 1320 718 quasi
1347 682 1390 721 p.
1445 665 1586 724 Camp.

154 724 247 777 quid
270 727 306 763 si
330 742 370 779 p.
482 731 673 768 narratio.
722 727 834 768 Sich.
864 731 1076 770 enarr-atio.
1187 747 1328 771 causae
1354 733 1584 778 conditione.

153 791 278 833 Amb.
304 798 341 833 1.
382 794 605 835 condicione
633 812 786 835 causae.
909 795 1196 837 deliberandum
1223 809 1291 839 est.
1346 799 1455 842 Jens.
1482 800 1584 845 Loc„

151 858 259 899 Ven.
290 864 416 901 omitt.
457 873 527 902 est.
640 866 676 902 si
700 862 818 917 plura
851 874 951 903 sunt.
1008 863 1120 904 Sich.
1153 863 1308 919 Gryph.
1346 871 1384 908 si
1405 868 1462 923 pl.
1491 873 1584 914 sini.

271 930 490 969 obruentur.
548 929 674 971 Amb.
713 936 751 970 1.
790 931 1014 970 obruuntur.
1127 931 1277 987 Itaque.
1334 934 1443 977 Jens.
1479 936 1582 980 Loc,

150 993 257 1035 Ven.
287 995 389 1036 Bad.
422 1001 492 1037 ita.
597 1001 792 1052 optimum.
839 997 951 1038 Sich.
974 997 1098 1039 Basil.
1128 998 1283 1055 Gryph.
1312 1015 1581 1057 opportunum.

261 1074 295 1101 cr
325 1067 386 1104 iis.
446 1064 572 1105 Amb.
599 1071 634 1106 1.
671 1064 805 1105 Guelf.
837 1064 949 1105 Sich.
981 1077 1016 1104 ct
1042 1066 1117 1106 his.
1224 1079 1378 1122 partem
1407 1083 1580 1113 nostram

147 1130 228 1184 adj.
258 1130 383 1171 Amb.
413 1138 452 1172 2.
483 1132 600 1172 Voss.
634 1138 673 1172 3.
703 1132 825 1172 Bern.
856 1136 983 1172 omitt.
1022 1143 1209 1174 nostram.
1322 1140 1580 1192 confirmatis.

145 1197 271 1238 Amb.
302 1204 341 1239 2.
373 1198 630 1253 corfirmamii
658 1201 706 1238 si.
822 1198 982 1253 reliqua.
1036 1198 1160 1238 Aan.
1185 1206 1225 1241 2.
1256 1202 1404 1258 aliqua.
1515 1223 1577 1246 re.

142 1265 293 1305 mediis.
349 1264 475 1306 Amb.
499 1272 537 1305 2.
564 1266 812 1320 praemccliis.

254 1334 290 1384 §.
323 1337 415 1373 102.
472 1333 607 1372 mediis
625 1334 739 1374 velut.
790 1333 856 1374 SIC
880 1336 1000 1373 etlam
1019 1331 1144 1374 Amb.
1167 1338 1203 1375 1.
1233 1333 1341 1377 Flor.
1445 1337 1574 1380 licebit

141 1416 178 1453 q.
210 1416 247 1439 ο.
276 1411 315 1438 ut
345 1403 371 1440 i.
401 1400 523 1439 medio
555 1402 621 1441 dat
649 1417 805 1456 quoque
836 1400 991 1455 Gryph.
1031 1399 1161 1439 licebit
1185 1419 1221 1456 q.
1253 1419 1290 1443 ο.
1319 1405 1397 1444 sint
1423 1408 1464 1445 in
1493 1424 1572 1446 me-

140 1467 204 1506 dio
245 1470 362 1507 etiam
400 1466 523 1507 Amb.
562 1475 601 1508 2.
724 1480 765 1507 ut
798 1479 831 1507 et
864 1480 1011 1508 nostra.
1072 1467 1205 1509 Turio.
1245 1481 1288 1509 ut
1315 1481 1353 1510 et
1381 1484 1566 1516 nostram.

137 1534 242 1575 Flor.
282 1550 303 1573 a
341 1551 399 1588 pr.
429 1551 485 1575 m.
525 1547 565 1574 ut
601 1547 748 1576 nostra.
805 1535 910 1576 Flor.
937 1552 959 1576 a
988 1551 1049 1589 pr.
1076 1551 1132 1575 m.
1173 1546 1215 1574 ut
1241 1547 1276 1576 ct
1309 1550 1457 1580 nostra.

125 1604 342 1656 firmemus.
409 1602 543 1643 Turio.
585 1603 688 1643 Flor.
728 1619 750 1642 a
788 1619 848 1657 pr.
885 1619 941 1644 m.
968 1606 1195 1658 firmamus-
1320 1606 1566 1659 adjiciamus.

134 1667 228 1708 Ald.
257 1671 498 1722 abjiciamus.
610 1670 826 1709 rere-mlum..
874 1670 999 1711 Aan.
1021 1677 1060 1711 2.
1094 1687 1237 1710 verum.
1340 1677 1565 1726 permixtis.

133 1735 230 1776 Ald.
259 1735 413 1790 Gryph.
444 1737 570 1777 Stoer.
603 1738 773 1777 Chouet.
804 1735 913 1776 Gibs.
954 1739 1161 1790 permistis,

246 1805 283 1853 §.
318 1810 410 1844 103.
469 1805 514 1842 dc
541 1815 692 1843 narrat.
749 1803 884 1843 Turio.
909 1806 1036 1842 omitt.
1073 1802 1132 1841 dc.
1234 1806 1319 1858 fiat
1354 1811 1563 1862 esrom-sio,-

135 1887 190 1909 nc.
253 1869 389 1924 Camp.
415 1874 516 1925 fiant
545 1874 788 1910 excursione.
903 1887 948 1909 nc
976 1870 1136 1909 alienae.
1164 1869 1290 1911 Amb.
1311 1878 1349 1912 2.
1381 1872 1496 1914 Voss.
1520 1880 1561 1916 3.

134 1940 261 1977 Olllitt·
301 1955 356 1975 710.
479 1950 796 1992 ΠΓΞῚΥΠῚΤΙΟΙῘῘΕΤΠΠΓ-
855 1937 990 1978 Turic-
1025 1948 1321 1990 arg-[Lmenictur-
1427 1940 1560 1994 Plera-

131 2022 200 2059 que
230 2015 329 2045 sunt.
388 2004 486 2045 Ald.
527 2023 605 2046 om.
645 2017 744 2045 sunt.
860 2008 975 2045 ratio.
1034 2004 1169 2044 Turio.
1204 2004 1320 2044 Alm.
1358 2004 1483 2048 Aan.
1515 2014 1558 2050 2.

132 2089 237 2112 raro.
355 2076 535 2127 coffgcrit.
597 2074 703 2114 Flor.
732 2089 753 2113 a
783 2089 838 2113 m.
873 2089 951 2112 sec.
984 2075 1201 2125 contigerit.

240 2141 274 2192 ξ.
306 2143 398 2181 104.
459 2142 637 2197 qfflctus,
697 2140 819 2182 Goth.
858 2139 974 2181 Voss.
996 2146 1035 2181 2.
1065 2138 1155 2178 I’ar.
1188 2144 1224 2178 1.
1250 2145 1290 2179 2.
1323 2138 1485 2194 Camp.,
1516 2151 1556 2182 et

128 2222 219 2245 cum
258 2209 344 2247 edd.
388 2224 448 2261 ap.
483 2208 623 2249 Burm.
662 2208 763 2249 Bad.
797 2208 946 2249 Cervlc.
988 2207 1135 2262 affi‘cti.
1198 2204 1324 2246 Amb.
1357 2213 1396 2247 2.
1436 2207 1552 2250 Voss.

131 2280 167 2313 1.
203 2279 239 2314 3.
281 2274 401 2316 Bern.
443 2277 614 2331 adfectu.
727 2275 844 2315 velut.
906 2275 1040 2315 Turic.
1073 2273 1145 2312 vel.
1205 2272 1343 2326 Camp.
1374 2285 1409 2312 et
1435 2274 1552 2316 velut.

236 2346 271 2394 ς’.
305 2348 397 2383 105.
455 2345 626 2384 Sassiae.
683 2342 807 2383 Bern.
845 2342 934 2382 Par.
959 2348 996 2382 1.
1018 2348 1057 2382 2.
1099 2340 1223 2380 Amb.
1244 2347 1281 2381 2.
1316 2339 1427 2379 Voss.
1450 2346 1488 2380 1.
1511 2347 1550 2382 3.

125 2423 282 2463 quoque
323 2410 473 2450 Sasiae.
530 2411 635 2452 Flor.
673 2411 762 2452 Par.
792 2414 828 2450 5.
865 2409 975 2450 Sich.
1015 2409 1166 2448 Sosiae.
1223 2407 1339 2447 Alm.
1376 2407 1548 2449 Sassiae.

122 2475 245 2516 Aan.
267 2482 301 2517 1.
328 2481 468 2526 omitt„
499 2479 567 2517 sed
596 2494 618 2517 a
648 2494 725 2518 sec.
758 2493 813 2516 m.
855 2478 1033 2517 additum
1061 2485 1118 2515 est
1146 2477 1262 2514 osiae.
1377 2474 1548 2529 cjffi‘ena-

121 2553 214 2582 iam.
263 2543 365 2584 Bad.
397 2544 548 2585 Cervic.
579 2545 828 2601 itfrenatam.
928 2561 1000 2584 non
1021 2545 1202 2582 timuisse.
1257 2539 1390 2580 Etiam
1419 2539 1547 2581 Amb.

124 2615 161 2648 1.
209 2610 315 2652 Flor.
363 2611 487 2652 Amb.
519 2618 558 2653 2.
590 2612 676 2652 Par.
718 2617 754 2651 1.
795 2618 835 2653 2.
869 2617 907 2652 3.
957 2627 1076 2651 nonne
1112 2611 1196 2648 iim.
1345 2617 1387 2646 at
1420 2607 1545 2649 illam.

120 2675 254 2719 Turio.
293 2695 314 2718 a
342 2696 401 2733 pr.
429 2695 482 2720 m.
507 2679 615 2721 Flor.
652 2679 762 2719 AJm.
800 2680 853 2720 acl
886 2679 1007 2720 illam.
1130 2674 1222 2715 illas
1253 2680 1362 2727 nupt.
1419 2670 1543 2714 Goth.

121 2747 246 2787 omitt.
277 2746 382 2787 illas.
430 2747 540 2789 Sich.
571 2750 676 2803 ipsas
695 2758 800 2803 nupt.
897 2744 1077 2788 cubiculi.
1126 2741 1248 2785 Goth.
1270 2739 1380 2783 Jens.
1409 2739 1543 2782 cubili.

202 2822 204 2824 ’
999 2813 1039 2854 Ο
1070 2818 1096 2854 2
