<?xml version="1.0" encoding="UTF-8"?>
<!DOCTYPE html PUBLIC "-//W3C//DTD XHTML 1.0 Transitional//EN"
    "http://www.w3.org/TR/xhtml1/DTD/xhtml1-transitional.dtd">
<html xmlns="http://www.w3.org/1999/xhtml" xml:lang="en" lang="en">
 <head>
  <title>
</title>
<meta http-equiv="Content-Type" content="text/html;charset=utf-8" />
  <meta name='ocr-system' content='tesseract 3.04.00' />
  <meta name='ocr-capabilities' content='ocr_page ocr_carea ocr_par ocr_line ocrx_word'/>
</head>
<body>
  <div class='ocr_page' id='page_1' title='image "./lexiconquintilia05bonnuoft_0105.png"; bbox 0 0 1775 3091; ppageno 0'>
   <div class='ocr_carea' id='block_1_1' title="bbox 369 231 1515 303">
    <p class='ocr_par' dir='ltr' id='par_1_1' title="bbox 369 231 1515 303">
     <span class='ocr_line' id='line_1_1' title="bbox 369 231 1515 303; baseline -0.002 -11"><span class='ocrx_word' id='word_1_1' title='bbox 369 249 422 292; x_wconf 65' lang='lat' dir='ltr'>od</span> <span class='ocrx_word' id='word_1_2' title='bbox 452 247 614 303; x_wconf 59' lang='grc' dir='ltr'><strong>(ῥαίῃσι.</strong></span> <span class='ocrx_word' id='word_1_3' title='bbox 642 246 772 288; x_wconf 59' lang='lat' dir='ltr'>Instat.</span> <span class='ocrx_word' id='word_1_4' title='bbox 803 246 836 296; x_wconf 78' lang='grc' dir='ltr'>Ι,</span> <span class='ocrx_word' id='word_1_5' title='bbox 875 252 942 289; x_wconf 84' lang='lat'>10.</span> <span class='ocrx_word' id='word_1_6' title='bbox 975 248 1012 300; x_wconf 64' lang='grc' dir='ltr'>ς.</span> <span class='ocrx_word' id='word_1_7' title='bbox 1034 247 1233 291; x_wconf 79' lang='lat'>29—40,</span> <span class='ocrx_word' id='word_1_8' title='bbox 1392 231 1403 234; x_wconf 57' lang='grc'><em>”</em></span> <span class='ocrx_word' id='word_1_9' title='bbox 1464 252 1515 290; x_wconf 85' lang='lat'>63</span> 
     </span>
    </p>
   </div>
   <div class='ocr_carea' id='block_1_2' title="bbox 67 359 1518 1497">
    <p class='ocr_par' dir='ltr' id='par_1_2' title="bbox 81 359 1515 486">
     <span class='ocr_line' id='line_1_2' title="bbox 83 359 1515 419; baseline 0 -17"><span class='ocrx_word' id='word_1_10' title='bbox 83 365 202 404; x_wconf 87' lang='lat' dir='ltr'>modo</span> <span class='ocrx_word' id='word_1_11' title='bbox 234 364 410 419; x_wconf 79' lang='lat' dir='ltr'>Phrygio</span> <span class='ocrx_word' id='word_1_12' title='bbox 442 362 580 418; x_wconf 82' lang='lat' dir='ltr'>Spald.</span> <span class='ocrx_word' id='word_1_13' title='bbox 609 365 650 403; x_wconf 83' lang='lat' dir='ltr'>in</span> <span class='ocrx_word' id='word_1_14' title='bbox 680 362 898 415; x_wconf 80' lang='lat' dir='ltr'>exemplari</span> <span class='ocrx_word' id='word_1_15' title='bbox 924 376 994 402; x_wconf 84' lang='lat' dir='ltr'>suo</span> <span class='ocrx_word' id='word_1_16' title='bbox 1023 361 1191 401; x_wconf 82' lang='lat' dir='ltr'>conferri</span> <span class='ocrx_word' id='word_1_17' title='bbox 1220 361 1330 412; x_wconf 81' lang='lat' dir='ltr'>jussit</span> <span class='ocrx_word' id='word_1_18' title='bbox 1350 359 1515 403; x_wconf 82' lang='lat' dir='ltr'>Aristot.</span> 
     </span>
     <span class='ocr_line' id='line_1_3' title="bbox 81 425 1515 486; baseline -0.001 -14"><span class='ocrx_word' id='word_1_19' title='bbox 81 431 201 472; x_wconf 81' lang='lat' dir='ltr'>l‘olit.</span> <span class='ocrx_word' id='word_1_20' title='bbox 224 430 304 483; x_wconf 74' lang='lat' dir='ltr'>IX,</span> <span class='ocrx_word' id='word_1_21' title='bbox 327 437 350 475; x_wconf 85' lang='lat'>5</span> <span class='ocrx_word' id='word_1_22' title='bbox 381 448 421 486; x_wconf 88' lang='lat' dir='ltr'>p.</span> <span class='ocrx_word' id='word_1_23' title='bbox 441 435 521 472; x_wconf 85' lang='lat'>225</span> <span class='ocrx_word' id='word_1_24' title='bbox 553 431 666 471; x_wconf 71' lang='grc' dir='ltr'><em>δοκεῖ</em></span> <span class='ocrx_word' id='word_1_25' title='bbox 688 434 812 469; x_wconf 80' lang='grc' dir='ltr'>ποιεῖν</span> <span class='ocrx_word' id='word_1_26' title='bbox 842 427 1199 476; x_wconf 70' lang='grc' dir='ltr'><strong><em>ἐνθουσιαστικοὺς</em></strong></span> <span class='ocrx_word' id='word_1_27' title='bbox 1227 425 1251 482; x_wconf 78' lang='grc' dir='ltr'><em>ἦ</em></span> <span class='ocrx_word' id='word_1_28' title='bbox 1278 429 1515 483; x_wconf 79' lang='grc' dir='ltr'><strong><em>Φρυγιστι’,]</em></strong></span> 
     </span>
    </p>

    <p class='ocr_par' dir='ltr' id='par_1_3' title="bbox 85 494 1515 621">
     <span class='ocr_line' id='line_1_4' title="bbox 197 494 1515 554; baseline -0.002 -14"><span class='ocrx_word' id='word_1_29' title='bbox 197 502 229 554; x_wconf 58' lang='grc' dir='ltr'>ξ.</span> <span class='ocrx_word' id='word_1_30' title='bbox 261 501 328 540; x_wconf 82' lang='lat'>34.</span> <span class='ocrx_word' id='word_1_31' title='bbox 386 511 420 538; x_wconf 75' lang='lat' dir='ltr'>ct</span> <span class='ocrx_word' id='word_1_32' title='bbox 450 501 540 539; x_wconf 87' lang='lat' dir='ltr'>acui</span> <span class='ocrx_word' id='word_1_33' title='bbox 567 498 703 538; x_wconf 82' lang='lat' dir='ltr'>Turio.</span> <span class='ocrx_word' id='word_1_34' title='bbox 730 494 838 537; x_wconf 84' lang='lat' dir='ltr'>Flor.</span> <span class='ocrx_word' id='word_1_35' title='bbox 876 496 1000 536; x_wconf 81' lang='lat' dir='ltr'>Amb.</span> <span class='ocrx_word' id='word_1_36' title='bbox 1025 502 1062 536; x_wconf 82' lang='lat'>1.</span> <span class='ocrx_word' id='word_1_37' title='bbox 1103 494 1225 537; x_wconf 69' lang='lat' dir='ltr'>Goth„</span> <span class='ocrx_word' id='word_1_38' title='bbox 1257 495 1393 538; x_wconf 85' lang='lat' dir='ltr'>Guelf.</span> <span class='ocrx_word' id='word_1_39' title='bbox 1424 497 1515 539; x_wconf 87' lang='lat' dir='ltr'>Par.</span> 
     </span>
     <span class='ocr_line' id='line_1_5' title="bbox 85 565 1515 621; baseline -0.001 -14"><span class='ocrx_word' id='word_1_40' title='bbox 85 573 123 608; x_wconf 85' lang='lat'>1.</span> <span class='ocrx_word' id='word_1_41' title='bbox 143 574 183 609; x_wconf 86' lang='lat'>2.</span> <span class='ocrx_word' id='word_1_42' title='bbox 207 573 245 608; x_wconf 87' lang='lat'>6.</span> <span class='ocrx_word' id='word_1_43' title='bbox 288 567 428 621; x_wconf 81' lang='lat' dir='ltr'>Camp.</span> <span class='ocrx_word' id='word_1_44' title='bbox 468 566 604 618; x_wconf 87' lang='lat' dir='ltr'><strong>Sich.‚</strong></span> <span class='ocrx_word' id='word_1_45' title='bbox 653 565 759 620; x_wconf 88' lang='lat' dir='ltr'>quod</span> <span class='ocrx_word' id='word_1_46' title='bbox 797 566 939 604; x_wconf 85' lang='lat' dir='ltr'>melius</span> <span class='ocrx_word' id='word_1_47' title='bbox 969 573 1104 616; x_wconf 83' lang='lat' dir='ltr'>sonat,</span> <span class='ocrx_word' id='word_1_48' title='bbox 1148 579 1267 619; x_wconf 84' lang='lat' dir='ltr'>quam</span> <span class='ocrx_word' id='word_1_49' title='bbox 1294 567 1515 618; x_wconf 82' lang='lat' dir='ltr'>vulgatum.</span> 
     </span>
    </p>

    <p class='ocr_par' dir='ltr' id='par_1_4' title="bbox 78 630 1516 756">
     <span class='ocr_line' id='line_1_6' title="bbox 165 630 1516 688; baseline -0.001 -14"><span class='ocrx_word' id='word_1_50' title='bbox 165 647 199 674; x_wconf 82' lang='lat' dir='ltr'>ct</span> <span class='ocrx_word' id='word_1_51' title='bbox 228 638 308 688; x_wconf 75' lang='lat' dir='ltr'><em>ing.</em></span> <span class='ocrx_word' id='word_1_52' title='bbox 340 634 394 675; x_wconf 76' lang='lat' dir='ltr'>acl</span> <span class='ocrx_word' id='word_1_53' title='bbox 419 632 530 674; x_wconf 78' lang='lat' dir='ltr'>celer.</span> <span class='ocrx_word' id='word_1_54' title='bbox 564 631 699 675; x_wconf 82' lang='lat' dir='ltr'>Guelf.</span> <span class='ocrx_word' id='word_1_55' title='bbox 730 632 842 673; x_wconf 84' lang='lat' dir='ltr'><strong>Sich.</strong></span> <span class='ocrx_word' id='word_1_56' title='bbox 872 630 1028 687; x_wconf 82' lang='lat' dir='ltr'>Gryph.</span> <span class='ocrx_word' id='word_1_57' title='bbox 1140 632 1363 674; x_wconf 73' lang='lat' dir='ltr'>concedunt.</span> <span class='ocrx_word' id='word_1_58' title='bbox 1419 649 1516 673; x_wconf 84' lang='lat' dir='ltr'><em>con-</em></span> 
     </span>
     <span class='ocr_line' id='line_1_7' title="bbox 78 702 594 756; baseline 0.002 -16"><span class='ocrx_word' id='word_1_59' title='bbox 78 705 233 741; x_wconf 82' lang='lat' dir='ltr'>veniunt</span> <span class='ocrx_word' id='word_1_60' title='bbox 259 702 367 743; x_wconf 84' lang='lat' dir='ltr'>Flor.</span> <span class='ocrx_word' id='word_1_61' title='bbox 398 717 420 741; x_wconf 83' lang='lat' dir='ltr'>a</span> <span class='ocrx_word' id='word_1_62' title='bbox 448 718 508 756; x_wconf 89' lang='lat' dir='ltr'>pr.</span> <span class='ocrx_word' id='word_1_63' title='bbox 537 716 594 741; x_wconf 80' lang='lat' dir='ltr'>m.</span> 
     </span>
    </p>

    <p class='ocr_par' dir='ltr' id='par_1_5' title="bbox 74 766 1518 1228">
     <span class='ocr_line' id='line_1_8' title="bbox 192 766 1516 824; baseline 0 -14"><span class='ocrx_word' id='word_1_64' title='bbox 192 772 226 824; x_wconf 67' lang='lat'>§-</span> <span class='ocrx_word' id='word_1_65' title='bbox 257 774 326 810; x_wconf 84' lang='lat'>35.</span> <span class='ocrx_word' id='word_1_66' title='bbox 382 768 434 808; x_wconf 81' lang='grc' dir='ltr'>ῙιΖ</span> <span class='ocrx_word' id='word_1_67' title='bbox 470 768 578 822; x_wconf 79' lang='lat' dir='ltr'><em>vulg.</em></span> <span class='ocrx_word' id='word_1_68' title='bbox 616 772 738 808; x_wconf 82' lang='lat' dir='ltr'>etiam</span> <span class='ocrx_word' id='word_1_69' title='bbox 772 767 911 809; x_wconf 81' lang='lat' dir='ltr'>Turio.</span> <span class='ocrx_word' id='word_1_70' title='bbox 940 766 1048 807; x_wconf 88' lang='lat' dir='ltr'>Flor.</span> <span class='ocrx_word' id='word_1_71' title='bbox 1078 767 1203 808; x_wconf 79' lang='lat' dir='ltr'><strong>Amb.</strong></span> <span class='ocrx_word' id='word_1_72' title='bbox 1224 773 1264 808; x_wconf 84' lang='lat'>1.</span> <span class='ocrx_word' id='word_1_73' title='bbox 1298 784 1325 809; x_wconf 76' lang='grc' dir='ltr'>α</span> <span class='ocrx_word' id='word_1_74' title='bbox 1349 785 1429 810; x_wconf 82' lang='lat' dir='ltr'>sec.</span> <span class='ocrx_word' id='word_1_75' title='bbox 1457 784 1516 810; x_wconf 88' lang='lat' dir='ltr'>m.</span> 
     </span>
     <span class='ocr_line' id='line_1_9' title="bbox 76 835 1518 892; baseline 0.001 -16"><span class='ocrx_word' id='word_1_76' title='bbox 76 835 214 892; x_wconf 88' lang='lat' dir='ltr'>(unde</span> <span class='ocrx_word' id='word_1_77' title='bbox 250 839 454 891; x_wconf 80' lang='lat' dir='ltr'>probabile</span> <span class='ocrx_word' id='word_1_78' title='bbox 490 840 555 889; x_wconf 84' lang='lat' dir='ltr'>fit,</span> <span class='ocrx_word' id='word_1_79' title='bbox 598 837 709 876; x_wconf 88' lang='lat' dir='ltr'><strong>hunc</strong></span> <span class='ocrx_word' id='word_1_80' title='bbox 749 845 855 876; x_wconf 85' lang='lat' dir='ltr'>certe</span> <span class='ocrx_word' id='word_1_81' title='bbox 891 837 1103 890; x_wconf 72' lang='lat' dir='ltr'>aliquando</span> <span class='ocrx_word' id='word_1_82' title='bbox 1132 845 1310 890; x_wconf 81' lang='lat' dir='ltr'>receptae</span> <span class='ocrx_word' id='word_1_83' title='bbox 1336 840 1518 890; x_wconf 77' lang='lat' dir='ltr'><em>cognito-</em></span> 
     </span>
     <span class='ocr_line' id='line_1_10' title="bbox 77 902 1517 960; baseline 0.001 -16"><span class='ocrx_word' id='word_1_84' title='bbox 77 920 164 944; x_wconf 85' lang='lat' dir='ltr'>rem</span> <span class='ocrx_word' id='word_1_85' title='bbox 194 902 429 960; x_wconf 78' lang='lat' dir='ltr'><strong>exstitisse.)</strong></span> <span class='ocrx_word' id='word_1_86' title='bbox 466 903 591 945; x_wconf 85' lang='lat' dir='ltr'><strong>Amb.</strong></span> <span class='ocrx_word' id='word_1_87' title='bbox 623 910 664 944; x_wconf 84' lang='lat'>2.</span> <span class='ocrx_word' id='word_1_88' title='bbox 701 902 825 944; x_wconf 82' lang='lat' dir='ltr'>Paris.</span> <span class='ocrx_word' id='word_1_89' title='bbox 849 908 886 943; x_wconf 82' lang='lat'>1.</span> <span class='ocrx_word' id='word_1_90' title='bbox 909 909 949 943; x_wconf 87' lang='lat'>2.</span> <span class='ocrx_word' id='word_1_91' title='bbox 992 902 1131 958; x_wconf 81' lang='lat' dir='ltr'>Camp.</span> <span class='ocrx_word' id='word_1_92' title='bbox 1190 903 1350 957; x_wconf 81' lang='lat' dir='ltr'>[Potest</span> <span class='ocrx_word' id='word_1_93' title='bbox 1375 905 1417 945; x_wconf 66' lang='lat' dir='ltr'>iel</span> <span class='ocrx_word' id='word_1_94' title='bbox 1445 906 1517 945; x_wconf 86' lang='lat' dir='ltr'>de-</span> 
     </span>
     <span class='ocr_line' id='line_1_11' title="bbox 76 969 1516 1027; baseline 0.001 -15"><span class='ocrx_word' id='word_1_95' title='bbox 76 974 190 1012; x_wconf 87' lang='lat' dir='ltr'>fendi</span> <span class='ocrx_word' id='word_1_96' title='bbox 217 976 264 1012; x_wconf 76' lang='lat' dir='ltr'>iis</span> <span class='ocrx_word' id='word_1_97' title='bbox 291 988 392 1027; x_wconf 83' lang='lat' dir='ltr'>quae</span> <span class='ocrx_word' id='word_1_98' title='bbox 424 975 583 1025; x_wconf 84' lang='lat' dir='ltr'>collegit</span> <span class='ocrx_word' id='word_1_99' title='bbox 603 970 880 1011; x_wconf 80' lang='lat' dir='ltr'>Ruddimann.</span> <span class='ocrx_word' id='word_1_100' title='bbox 911 969 1084 1011; x_wconf 71' lang='lat' dir='ltr'>Ins‘citut⁴</span> <span class='ocrx_word' id='word_1_101' title='bbox 1108 969 1246 1012; x_wconf 82' lang='lat' dir='ltr'>Gram.</span> <span class='ocrx_word' id='word_1_102' title='bbox 1274 970 1366 1012; x_wconf 84' lang='lat' dir='ltr'>Lat.</span> <span class='ocrx_word' id='word_1_103' title='bbox 1394 972 1516 1013; x_wconf 74' lang='lat' dir='ltr'>Tom⁴</span> 
     </span>
     <span class='ocr_line' id='line_1_12' title="bbox 75 1037 1515 1094; baseline 0.001 -15"><span class='ocrx_word' id='word_1_104' title='bbox 75 1037 117 1079; x_wconf 90' lang='grc' dir='ltr'>Π</span> <span class='ocrx_word' id='word_1_105' title='bbox 146 1040 194 1079; x_wconf 92' lang='lat' dir='ltr'>de</span> <span class='ocrx_word' id='word_1_106' title='bbox 216 1038 507 1080; x_wconf 81' lang='lat' dir='ltr'>Concordantia</span> <span class='ocrx_word' id='word_1_107' title='bbox 532 1056 570 1092; x_wconf 92' lang='lat' dir='ltr'>p.</span> <span class='ocrx_word' id='word_1_108' title='bbox 592 1044 642 1080; x_wconf 84' lang='lat'>21</span> <span class='ocrx_word' id='word_1_109' title='bbox 669 1040 762 1078; x_wconf 81' lang='lat' dir='ltr'>edit.</span> <span class='ocrx_word' id='word_1_110' title='bbox 786 1038 1051 1090; x_wconf 82' lang='lat' dir='ltr'>Stallbaum.]</span> <span class='ocrx_word' id='word_1_111' title='bbox 1167 1042 1358 1094; x_wconf 80' lang='lat' dir='ltr'>inprimis</span> <span class='ocrx_word' id='word_1_112' title='bbox 1377 1039 1515 1081; x_wconf 83' lang='lat' dir='ltr'>Turio.</span> 
     </span>
     <span class='ocr_line' id='line_1_13' title="bbox 74 1104 1514 1160; baseline 0.001 -13"><span class='ocrx_word' id='word_1_113' title='bbox 74 1106 183 1147; x_wconf 89' lang='lat' dir='ltr'>Flor.</span> <span class='ocrx_word' id='word_1_114' title='bbox 213 1106 327 1148; x_wconf 81' lang='lat' dir='ltr'><strong>AJm.</strong></span> <span class='ocrx_word' id='word_1_115' title='bbox 348 1106 467 1148; x_wconf 87' lang='lat' dir='ltr'>Bodl.</span> <span class='ocrx_word' id='word_1_116' title='bbox 489 1105 580 1146; x_wconf 81' lang='lat' dir='ltr'>Bal.</span> <span class='ocrx_word' id='word_1_117' title='bbox 603 1105 742 1159; x_wconf 80' lang='lat' dir='ltr'>Camp.</span> <span class='ocrx_word' id='word_1_118' title='bbox 765 1104 867 1146; x_wconf 85' lang='lat' dir='ltr'>Obr.</span> <span class='ocrx_word' id='word_1_119' title='bbox 926 1104 1145 1158; x_wconf 84' lang='lat' dir='ltr'>Receptam</span> <span class='ocrx_word' id='word_1_120' title='bbox 1163 1116 1296 1146; x_wconf 73' lang='lat' dir='ltr'>tuetur</span> <span class='ocrx_word' id='word_1_121' title='bbox 1311 1106 1436 1148; x_wconf 81' lang='lat' dir='ltr'><strong>Amb.</strong></span> <span class='ocrx_word' id='word_1_122' title='bbox 1459 1114 1514 1160; x_wconf 89' lang='lat'>1.‚</span> 
     </span>
     <span class='ocr_line' id='line_1_14' title="bbox 74 1171 1514 1228; baseline 0.002 -15"><span class='ocrx_word' id='word_1_123' title='bbox 74 1177 152 1214; x_wconf 89' lang='lat' dir='ltr'>nisi</span> <span class='ocrx_word' id='word_1_124' title='bbox 181 1175 288 1228; x_wconf 88' lang='lat' dir='ltr'>quod</span> <span class='ocrx_word' id='word_1_125' title='bbox 314 1176 558 1227; x_wconf 74' lang='lat' dir='ltr'><strong>transponit:</strong></span> <span class='ocrx_word' id='word_1_126' title='bbox 598 1172 690 1212; x_wconf 82' lang='lat' dir='ltr'><em>salt.</em></span> <span class='ocrx_word' id='word_1_127' title='bbox 717 1190 781 1227; x_wconf 88' lang='lat' dir='ltr'>pr.</span> <span class='ocrx_word' id='word_1_128' title='bbox 897 1171 962 1210; x_wconf 76' lang='lat' dir='ltr'>vel</span> <span class='ocrx_word' id='word_1_129' title='bbox 981 1171 1094 1227; x_wconf 80' lang='lat' dir='ltr'>freq.</span> <span class='ocrx_word' id='word_1_130' title='bbox 1122 1173 1186 1212; x_wconf 80' lang='lat' dir='ltr'>vel</span> <span class='ocrx_word' id='word_1_131' title='bbox 1220 1189 1300 1214; x_wconf 87' lang='lat' dir='ltr'>om.</span> <span class='ocrx_word' id='word_1_132' title='bbox 1329 1173 1453 1215; x_wconf 84' lang='lat' dir='ltr'><strong>Amb.</strong></span> <span class='ocrx_word' id='word_1_133' title='bbox 1475 1181 1514 1216; x_wconf 86' lang='lat'>1.</span> 
     </span>
    </p>

    <p class='ocr_par' dir='ltr' id='par_1_6' title="bbox 158 1237 1318 1282">
     <span class='ocr_line' id='line_1_15' title="bbox 158 1237 1318 1282; baseline 0.003 -3"><span class='ocrx_word' id='word_1_134' title='bbox 158 1241 337 1281; x_wconf 74' lang='lat' dir='ltr'><em>dissensit</em></span> <span class='ocrx_word' id='word_1_135' title='bbox 366 1240 502 1281; x_wconf 84' lang='lat' dir='ltr'>Turio.</span> <span class='ocrx_word' id='word_1_136' title='bbox 532 1239 647 1281; x_wconf 79' lang='lat' dir='ltr'><strong>Ahn.</strong></span> <span class='ocrx_word' id='word_1_137' title='bbox 676 1237 802 1280; x_wconf 81' lang='lat' dir='ltr'><strong>Amb.</strong></span> <span class='ocrx_word' id='word_1_138' title='bbox 822 1247 863 1281; x_wconf 89' lang='lat'>2.</span> <span class='ocrx_word' id='word_1_139' title='bbox 903 1239 1021 1280; x_wconf 87' lang='lat' dir='ltr'><em>Voss.</em></span> <span class='ocrx_word' id='word_1_140' title='bbox 1045 1246 1081 1280; x_wconf 92' lang='lat'>1.</span> <span class='ocrx_word' id='word_1_141' title='bbox 1104 1246 1142 1281; x_wconf 86' lang='lat'>3.</span> <span class='ocrx_word' id='word_1_142' title='bbox 1182 1238 1318 1282; x_wconf 88' lang='lat' dir='ltr'>Guelf.</span> 
     </span>
    </p>

    <p class='ocr_par' dir='ltr' id='par_1_7' title="bbox 67 1307 1514 1497">
     <span class='ocr_line' id='line_1_16' title="bbox 187 1307 1513 1365; baseline 0.003 -17"><span class='ocrx_word' id='word_1_143' title='bbox 187 1309 224 1359; x_wconf 86' lang='lat'>§.</span> <span class='ocrx_word' id='word_1_144' title='bbox 255 1313 322 1348; x_wconf 88' lang='grc'>36.</span> <span class='ocrx_word' id='word_1_145' title='bbox 381 1326 471 1348; x_wconf 83' lang='lat' dir='ltr'>nam</span> <span class='ocrx_word' id='word_1_146' title='bbox 511 1307 581 1359; x_wconf 74' lang='lat' dir='ltr'>de,·</span> <span class='ocrx_word' id='word_1_147' title='bbox 632 1312 686 1348; x_wconf 85' lang='lat' dir='ltr'>sic</span> <span class='ocrx_word' id='word_1_148' title='bbox 715 1307 815 1348; x_wconf 89' lang='lat' dir='ltr'><strong>Ald.</strong></span> <span class='ocrx_word' id='word_1_149' title='bbox 858 1307 970 1348; x_wconf 80' lang='lat' dir='ltr'><em>Sich.</em></span> <span class='ocrx_word' id='word_1_150' title='bbox 1011 1318 1050 1347; x_wconf 82' lang='lat' dir='ltr'>et</span> <span class='ocrx_word' id='word_1_151' title='bbox 1093 1310 1183 1349; x_wconf 87' lang='lat' dir='ltr'>edd.</span> <span class='ocrx_word' id='word_1_152' title='bbox 1212 1320 1301 1363; x_wconf 84' lang='lat' dir='ltr'>post</span> <span class='ocrx_word' id='word_1_153' title='bbox 1331 1308 1513 1365; x_wconf 83' lang='lat' dir='ltr'>Gryph.3</span> 
     </span>
     <span class='ocr_line' id='line_1_17' title="bbox 72 1374 1514 1431; baseline 0.003 -16"><span class='ocrx_word' id='word_1_154' title='bbox 72 1378 220 1430; x_wconf 83' lang='lat' dir='ltr'>priores</span> <span class='ocrx_word' id='word_1_155' title='bbox 246 1376 282 1415; x_wconf 81' lang='lat' dir='ltr'>si</span> <span class='ocrx_word' id='word_1_156' title='bbox 313 1375 382 1427; x_wconf 76' lang='lat' dir='ltr'>de,</span> <span class='ocrx_word' id='word_1_157' title='bbox 422 1385 466 1415; x_wconf 86' lang='lat' dir='ltr'>ut</span> <span class='ocrx_word' id='word_1_158' title='bbox 493 1374 620 1416; x_wconf 83' lang='lat' dir='ltr'>Aan.</span> <span class='ocrx_word' id='word_1_159' title='bbox 643 1381 679 1416; x_wconf 82' lang='lat'>1.</span> <span class='ocrx_word' id='word_1_160' title='bbox 746 1393 835 1415; x_wconf 83' lang='lat' dir='ltr'>nam</span> <span class='ocrx_word' id='word_1_161' title='bbox 866 1379 901 1415; x_wconf 85' lang='lat' dir='ltr'>si</span> <span class='ocrx_word' id='word_1_162' title='bbox 927 1375 974 1415; x_wconf 81' lang='lat' dir='ltr'>de</span> <span class='ocrx_word' id='word_1_163' title='bbox 1011 1375 1148 1417; x_wconf 79' lang='lat' dir='ltr'>Turio.</span> <span class='ocrx_word' id='word_1_164' title='bbox 1181 1393 1203 1417; x_wconf 90' lang='lat' dir='ltr'>a</span> <span class='ocrx_word' id='word_1_165' title='bbox 1230 1393 1290 1431; x_wconf 87' lang='lat' dir='ltr'>pr.</span> <span class='ocrx_word' id='word_1_166' title='bbox 1318 1394 1374 1418; x_wconf 82' lang='lat' dir='ltr'>m⁴</span> <span class='ocrx_word' id='word_1_167' title='bbox 1405 1379 1514 1420; x_wconf 84' lang='lat' dir='ltr'>Flor.</span> 
     </span>
     <span class='ocr_line' id='line_1_18' title="bbox 67 1441 1513 1497; baseline 0.003 -15"><span class='ocrx_word' id='word_1_168' title='bbox 67 1446 153 1497; x_wconf 82' lang='lat' dir='ltr'>jam</span> <span class='ocrx_word' id='word_1_169' title='bbox 180 1446 216 1482; x_wconf 87' lang='lat' dir='ltr'>si</span> <span class='ocrx_word' id='word_1_170' title='bbox 243 1443 290 1482; x_wconf 73' lang='lat' dir='ltr'>de</span> <span class='ocrx_word' id='word_1_171' title='bbox 317 1441 463 1483; x_wconf 55' lang='lat' dir='ltr'>Turia</span> <span class='ocrx_word' id='word_1_172' title='bbox 487 1458 508 1482; x_wconf 80' lang='lat' dir='ltr'>a</span> <span class='ocrx_word' id='word_1_173' title='bbox 536 1459 613 1483; x_wconf 88' lang='lat' dir='ltr'>sec.</span> <span class='ocrx_word' id='word_1_174' title='bbox 635 1458 690 1484; x_wconf 87' lang='lat' dir='ltr'>m.</span> <span class='ocrx_word' id='word_1_175' title='bbox 722 1442 861 1497; x_wconf 81' lang='lat' dir='ltr'>Camp.</span> <span class='ocrx_word' id='word_1_176' title='bbox 977 1456 1076 1485; x_wconf 76' lang='lat' dir='ltr'><em>sunt.</em></span> <span class='ocrx_word' id='word_1_177' title='bbox 1135 1447 1211 1485; x_wconf 83' lang='lat' dir='ltr'><em>sint</em></span> <span class='ocrx_word' id='word_1_178' title='bbox 1239 1444 1376 1486; x_wconf 83' lang='lat' dir='ltr'>Turio.</span> <span class='ocrx_word' id='word_1_179' title='bbox 1404 1446 1513 1488; x_wconf 90' lang='lat' dir='ltr'>Flor.</span> 
     </span>
    </p>
   </div>
   <div class='ocr_carea' id='block_1_3' title="bbox 67 1510 1514 2174">
    <p class='ocr_par' dir='ltr' id='par_1_8' title="bbox 67 1510 1514 2174">
     <span class='ocr_line' id='line_1_19' title="bbox 70 1510 1513 1564; baseline 0.004 -14"><span class='ocrx_word' id='word_1_180' title='bbox 70 1510 186 1550; x_wconf 74' lang='lat' dir='ltr'><strong>Ajm.</strong></span> <span class='ocrx_word' id='word_1_181' title='bbox 206 1510 332 1551; x_wconf 81' lang='lat' dir='ltr'>Aan.</span> <span class='ocrx_word' id='word_1_182' title='bbox 349 1516 386 1550; x_wconf 88' lang='lat'>1.</span> <span class='ocrx_word' id='word_1_183' title='bbox 410 1511 548 1564; x_wconf 79' lang='lat' dir='ltr'>Camp.</span> <span class='ocrx_word' id='word_1_184' title='bbox 636 1512 761 1551; x_wconf 78' lang='lat' dir='ltr'>habet.</span> <span class='ocrx_word' id='word_1_185' title='bbox 795 1512 933 1550; x_wconf 71' lang='lat' dir='ltr'>liabent</span> <span class='ocrx_word' id='word_1_186' title='bbox 953 1511 1089 1553; x_wconf 84' lang='lat' dir='ltr'>Turio.</span> <span class='ocrx_word' id='word_1_187' title='bbox 1109 1512 1513 1556; x_wconf 76' lang='lat' dir='ltr'>Flor.-Bodl.J0ann.</span> 
     </span>
     <span class='ocr_line' id='line_1_20' title="bbox 71 1577 1512 1634; baseline 0.004 -17"><span class='ocrx_word' id='word_1_188' title='bbox 71 1578 366 1619; x_wconf 83' lang='lat' dir='ltr'>Baliol..Voss.</span> <span class='ocrx_word' id='word_1_189' title='bbox 388 1585 429 1619; x_wconf 93' lang='grc'>2.</span> <span class='ocrx_word' id='word_1_190' title='bbox 454 1584 491 1619; x_wconf 87' lang='grc'>3.</span> <span class='ocrx_word' id='word_1_191' title='bbox 523 1577 658 1620; x_wconf 83' lang='lat' dir='ltr'>Guelf.</span> <span class='ocrx_word' id='word_1_192' title='bbox 693 1578 816 1621; x_wconf 81' lang='lat' dir='ltr'>Goth.</span> <span class='ocrx_word' id='word_1_193' title='bbox 854 1580 979 1621; x_wconf 84' lang='lat' dir='ltr'>Amb.</span> <span class='ocrx_word' id='word_1_194' title='bbox 1006 1587 1046 1622; x_wconf 89' lang='lat'>2.</span> <span class='ocrx_word' id='word_1_195' title='bbox 1085 1580 1223 1634; x_wconf 87' lang='lat' dir='ltr'>Camp.</span> <span class='ocrx_word' id='word_1_196' title='bbox 1252 1581 1362 1622; x_wconf 89' lang='lat' dir='ltr'>Jens.</span> <span class='ocrx_word' id='word_1_197' title='bbox 1391 1581 1512 1623; x_wconf 78' lang='lat' dir='ltr'>Tarv.</span> 
     </span>
     <span class='ocr_line' id='line_1_21' title="bbox 70 1645 1512 1705; baseline 0.002 -18"><span class='ocrx_word' id='word_1_198' title='bbox 70 1645 179 1687; x_wconf 88' lang='lat' dir='ltr'>Ven.</span> <span class='ocrx_word' id='word_1_199' title='bbox 212 1645 350 1701; x_wconf 86' lang='lat' dir='ltr'>(quod</span> <span class='ocrx_word' id='word_1_200' title='bbox 380 1650 501 1701; x_wconf 88' lang='lat' dir='ltr'>possis</span> <span class='ocrx_word' id='word_1_201' title='bbox 534 1648 581 1686; x_wconf 88' lang='lat' dir='ltr'>de</span> <span class='ocrx_word' id='word_1_202' title='bbox 614 1657 780 1704; x_wconf 83' lang='lat' dir='ltr'>utraque</span> <span class='ocrx_word' id='word_1_203' title='bbox 817 1652 1055 1702; x_wconf 82' lang='lat' dir='ltr'>geometriae</span> <span class='ocrx_word' id='word_1_204' title='bbox 1084 1659 1194 1702; x_wconf 82' lang='lat' dir='ltr'>parte</span> <span class='ocrx_word' id='word_1_205' title='bbox 1221 1648 1512 1705; x_wconf 82' lang='lat' dir='ltr'>interpretari).</span> 
     </span>
     <span class='ocr_line' id='line_1_22' title="bbox 185 1715 1514 1769; baseline 0.002 -15"><span class='ocrx_word' id='word_1_206' title='bbox 185 1716 217 1768; x_wconf 57' lang='grc' dir='ltr'>ᾗ.</span> <span class='ocrx_word' id='word_1_207' title='bbox 247 1719 315 1755; x_wconf 88' lang='lat'>37.</span> <span class='ocrx_word' id='word_1_208' title='bbox 374 1715 463 1754; x_wconf 79' lang='lat' dir='ltr'>Iam</span> <span class='ocrx_word' id='word_1_209' title='bbox 500 1718 693 1769; x_wconf 73' lang='lat' dir='ltr'>primum3</span> <span class='ocrx_word' id='word_1_210' title='bbox 742 1719 798 1755; x_wconf 84' lang='lat' dir='ltr'>ita</span> <span class='ocrx_word' id='word_1_211' title='bbox 834 1720 955 1755; x_wconf 83' lang='lat' dir='ltr'>etiam</span> <span class='ocrx_word' id='word_1_212' title='bbox 992 1716 1156 1768; x_wconf 80' lang='lat' dir='ltr'>Turic.‚</span> <span class='ocrx_word' id='word_1_213' title='bbox 1203 1732 1287 1756; x_wconf 89' lang='lat' dir='ltr'>non</span> <span class='ocrx_word' id='word_1_214' title='bbox 1316 1734 1427 1769; x_wconf 82' lang='lat' dir='ltr'>nam,</span> <span class='ocrx_word' id='word_1_215' title='bbox 1469 1727 1514 1757; x_wconf 88' lang='lat' dir='ltr'>ut</span> 
     </span>
     <span class='ocr_line' id='line_1_23' title="bbox 70 1781 1513 1837; baseline 0.002 -17"><span class='ocrx_word' id='word_1_216' title='bbox 70 1785 113 1821; x_wconf 88' lang='lat' dir='ltr'>iu</span> <span class='ocrx_word' id='word_1_217' title='bbox 141 1784 265 1835; x_wconf 79' lang='lat' dir='ltr'>praef.</span> <span class='ocrx_word' id='word_1_218' title='bbox 297 1798 337 1836; x_wconf 88' lang='lat' dir='ltr'>p.</span> <span class='ocrx_word' id='word_1_219' title='bbox 368 1781 568 1823; x_wconf 86' lang='lat' dir='ltr'>LXXIX</span> <span class='ocrx_word' id='word_1_220' title='bbox 595 1785 715 1823; x_wconf 84' lang='lat' dir='ltr'>refert</span> <span class='ocrx_word' id='word_1_221' title='bbox 743 1783 881 1837; x_wconf 84' lang='lat' dir='ltr'>Spald.</span> <span class='ocrx_word' id='word_1_222' title='bbox 920 1784 1012 1823; x_wconf 86' lang='lat' dir='ltr'>Jam</span> <span class='ocrx_word' id='word_1_223' title='bbox 1055 1799 1136 1824; x_wconf 90' lang='lat' dir='ltr'>om.</span> <span class='ocrx_word' id='word_1_224' title='bbox 1165 1783 1291 1825; x_wconf 77' lang='lat' dir='ltr'>Aan.</span> <span class='ocrx_word' id='word_1_225' title='bbox 1324 1789 1362 1825; x_wconf 84' lang='lat'>1.</span> <span class='ocrx_word' id='word_1_226' title='bbox 1478 1796 1513 1823; x_wconf 84' lang='lat' dir='ltr'>et</span> 
     </span>
     <span class='ocr_line' id='line_1_24' title="bbox 70 1849 1510 1904; baseline 0.002 -15"><span class='ocrx_word' id='word_1_227' title='bbox 70 1852 200 1889; x_wconf 76' lang='lat' dir='ltr'>certis.</span> <span class='ocrx_word' id='word_1_228' title='bbox 253 1865 307 1888; x_wconf 68' lang='lat' dir='ltr'>eoe</span> <span class='ocrx_word' id='word_1_229' title='bbox 339 1862 455 1901; x_wconf 57' lang='lat' dir='ltr'>cert„</span> <span class='ocrx_word' id='word_1_230' title='bbox 505 1851 612 1903; x_wconf 86' lang='lat' dir='ltr'>quod</span> <span class='ocrx_word' id='word_1_231' title='bbox 643 1854 832 1904; x_wconf 80' lang='lat' dir='ltr'>optabant</span> <span class='ocrx_word' id='word_1_232' title='bbox 861 1850 1003 1891; x_wconf 85' lang='lat' dir='ltr'>Burm.</span> <span class='ocrx_word' id='word_1_233' title='bbox 1035 1860 1073 1890; x_wconf 84' lang='lat' dir='ltr'>et</span> <span class='ocrx_word' id='word_1_234' title='bbox 1100 1849 1248 1899; x_wconf 88' lang='lat' dir='ltr'>Gesn.‚</span> <span class='ocrx_word' id='word_1_235' title='bbox 1294 1852 1361 1891; x_wconf 86' lang='lat' dir='ltr'>dat</span> <span class='ocrx_word' id='word_1_236' title='bbox 1389 1851 1510 1899; x_wconf 76' lang='lat' dir='ltr'>Tarv.</span> 
     </span>
     <span class='ocr_line' id='line_1_25' title="bbox 141 1916 1511 1973; baseline 0.004 -19"><span class='ocrx_word' id='word_1_237' title='bbox 141 1916 238 1973; x_wconf 76' lang='lat' dir='ltr'>fere</span> <span class='ocrx_word' id='word_1_238' title='bbox 276 1928 361 1956; x_wconf 75' lang='lat' dir='ltr'>tota</span> <span class='ocrx_word' id='word_1_239' title='bbox 398 1916 523 1956; x_wconf 85' lang='lat' dir='ltr'>Amb.</span> <span class='ocrx_word' id='word_1_240' title='bbox 563 1922 600 1956; x_wconf 82' lang='lat'>1.</span> <span class='ocrx_word' id='word_1_241' title='bbox 725 1920 892 1956; x_wconf 79' lang='lat' dir='ltr'>invenies</span> <span class='ocrx_word' id='word_1_242' title='bbox 930 1917 1039 1958; x_wconf 85' lang='lat' dir='ltr'>Jens.</span> <span class='ocrx_word' id='word_1_243' title='bbox 1080 1927 1119 1957; x_wconf 86' lang='lat' dir='ltr'>et</span> <span class='ocrx_word' id='word_1_244' title='bbox 1161 1927 1252 1958; x_wconf 78' lang='lat' dir='ltr'>cett.</span> <span class='ocrx_word' id='word_1_245' title='bbox 1291 1919 1381 1959; x_wconf 86' lang='lat' dir='ltr'>edd.</span> <span class='ocrx_word' id='word_1_246' title='bbox 1420 1929 1511 1959; x_wconf 84' lang='lat' dir='ltr'>ante</span> 
     </span>
     <span class='ocr_line' id='line_1_26' title="bbox 71 1983 1207 2039; baseline -0.001 -14"><span class='ocrx_word' id='word_1_247' title='bbox 71 1983 252 2039; x_wconf 84' lang='lat' dir='ltr'>Gryph.,</span> <span class='ocrx_word' id='word_1_248' title='bbox 291 1999 377 2024; x_wconf 77' lang='lat' dir='ltr'>exe.</span> <span class='ocrx_word' id='word_1_249' title='bbox 406 1983 535 2035; x_wconf 84' lang='lat' dir='ltr'>Ald.3</span> <span class='ocrx_word' id='word_1_250' title='bbox 583 1986 724 2024; x_wconf 87' lang='lat' dir='ltr'>eodem</span> <span class='ocrx_word' id='word_1_251' title='bbox 753 1986 862 2024; x_wconf 86' lang='lat' dir='ltr'><strong>ducit</strong></span> <span class='ocrx_word' id='word_1_252' title='bbox 891 1983 1014 2025; x_wconf 80' lang='lat' dir='ltr'>Goth.</span> <span class='ocrx_word' id='word_1_253' title='bbox 1038 1987 1207 2038; x_wconf 77' lang='lat' dir='ltr'>juvenes.</span> 
     </span>
     <span class='ocr_line' id='line_1_27' title="bbox 185 2051 1509 2109; baseline 0.002 -18"><span class='ocrx_word' id='word_1_254' title='bbox 185 2054 216 2105; x_wconf 55' lang='grc' dir='ltr'>ᾗ.</span> <span class='ocrx_word' id='word_1_255' title='bbox 250 2057 315 2092; x_wconf 84' lang='grc'>38.</span> <span class='ocrx_word' id='word_1_256' title='bbox 385 2063 419 2090; x_wconf 84' lang='lat' dir='ltr'>et</span> <span class='ocrx_word' id='word_1_257' title='bbox 463 2052 689 2107; x_wconf 76' lang='lat' dir='ltr'>syllogismo</span> <span class='ocrx_word' id='word_1_258' title='bbox 729 2052 830 2093; x_wconf 84' lang='lat' dir='ltr'>Obr.</span> <span class='ocrx_word' id='word_1_259' title='bbox 875 2052 1008 2106; x_wconf 83' lang='lat' dir='ltr'><strong>(num.</strong></span> <span class='ocrx_word' id='word_1_260' title='bbox 1037 2067 1088 2091; x_wconf 85' lang='lat' dir='ltr'>ex</span> <span class='ocrx_word' id='word_1_261' title='bbox 1122 2051 1509 2109; x_wconf 79' lang='lat' dir='ltr'>Argentoratensi?)</span> 
     </span>
     <span class='ocr_line' id='line_1_28' title="bbox 67 2119 1509 2174; baseline 0.001 -15"><span class='ocrx_word' id='word_1_262' title='bbox 67 2119 206 2160; x_wconf 83' lang='lat' dir='ltr'>Turio.</span> <span class='ocrx_word' id='word_1_263' title='bbox 246 2135 269 2158; x_wconf 81' lang='lat' dir='ltr'>a</span> <span class='ocrx_word' id='word_1_264' title='bbox 305 2135 382 2159; x_wconf 87' lang='lat' dir='ltr'>sec.</span> <span class='ocrx_word' id='word_1_265' title='bbox 411 2135 467 2159; x_wconf 89' lang='lat' dir='ltr'>m.</span> <span class='ocrx_word' id='word_1_266' title='bbox 577 2122 863 2173; x_wconf 75' lang='lat' dir='ltr'>grammaticae</span> <span class='ocrx_word' id='word_1_267' title='bbox 899 2119 990 2174; x_wconf 78' lang='lat' dir='ltr'>(vel</span> <span class='ocrx_word' id='word_1_268' title='bbox 1015 2119 1139 2172; x_wconf 85' lang='lat' dir='ltr'>——ce)</span> <span class='ocrx_word' id='word_1_269' title='bbox 1169 2120 1357 2174; x_wconf 73' lang='lat' dir='ltr'>apodixis</span> <span class='ocrx_word' id='word_1_270' title='bbox 1390 2125 1509 2161; x_wconf 79' lang='lat' dir='ltr'>etiam</span> 
     </span>
    </p>
   </div>
   <div class='ocr_carea' id='block_1_4' title="bbox 67 2186 1510 2782">
    <p class='ocr_par' dir='ltr' id='par_1_9' title="bbox 67 2186 1510 2377">
     <span class='ocr_line' id='line_1_29' title="bbox 67 2186 1510 2229; baseline 0.001 -2"><span class='ocrx_word' id='word_1_271' title='bbox 67 2186 206 2228; x_wconf 74' lang='lat' dir='ltr'>Turio.</span> <span class='ocrx_word' id='word_1_272' title='bbox 236 2187 345 2227; x_wconf 88' lang='lat' dir='ltr'>Flor.</span> <span class='ocrx_word' id='word_1_273' title='bbox 375 2186 501 2227; x_wconf 71' lang='lat' dir='ltr'>Aan·</span> <span class='ocrx_word' id='word_1_274' title='bbox 525 2192 562 2227; x_wconf 90' lang='lat'>1.</span> <span class='ocrx_word' id='word_1_275' title='bbox 585 2194 624 2228; x_wconf 88' lang='grc'>2.</span> <span class='ocrx_word' id='word_1_276' title='bbox 654 2187 779 2228; x_wconf 84' lang='lat' dir='ltr'>Paris.</span> <span class='ocrx_word' id='word_1_277' title='bbox 800 2193 837 2227; x_wconf 92' lang='lat'>1.</span> <span class='ocrx_word' id='word_1_278' title='bbox 862 2194 901 2228; x_wconf 87' lang='lat'>2.</span> <span class='ocrx_word' id='word_1_279' title='bbox 927 2188 1046 2228; x_wconf 83' lang='lat' dir='ltr'>Tarv.</span> <span class='ocrx_word' id='word_1_280' title='bbox 1071 2187 1179 2228; x_wconf 89' lang='lat' dir='ltr'>Ven.</span> <span class='ocrx_word' id='word_1_281' title='bbox 1200 2187 1299 2228; x_wconf 83' lang='lat' dir='ltr'>Ald.</span> <span class='ocrx_word' id='word_1_282' title='bbox 1362 2188 1510 2229; x_wconf 79' lang='lat' dir='ltr'>Graece</span> 
     </span>
     <span class='ocr_line' id='line_1_30' title="bbox 68 2252 1508 2309; baseline 0.001 -15"><span class='ocrx_word' id='word_1_283' title='bbox 68 2263 126 2294; x_wconf 83' lang='lat' dir='ltr'>est</span> <span class='ocrx_word' id='word_1_284' title='bbox 162 2258 206 2293; x_wconf 84' lang='lat' dir='ltr'>in</span> <span class='ocrx_word' id='word_1_285' title='bbox 242 2254 350 2295; x_wconf 85' lang='lat' dir='ltr'>Jens.</span> <span class='ocrx_word' id='word_1_286' title='bbox 390 2252 496 2308; x_wconf 85' lang='lat' dir='ltr'>(tac.</span> <span class='ocrx_word' id='word_1_287' title='bbox 536 2253 686 2309; x_wconf 87' lang='lat' dir='ltr'>Gesn.)</span> <span class='ocrx_word' id='word_1_288' title='bbox 741 2256 818 2307; x_wconf 87' lang='lat' dir='ltr'><strong>[cf.</strong></span> <span class='ocrx_word' id='word_1_289' title='bbox 867 2255 1070 2296; x_wconf 85' lang='lat' dir='ltr'>Addenda</span> <span class='ocrx_word' id='word_1_290' title='bbox 1114 2258 1157 2294; x_wconf 87' lang='lat' dir='ltr'>in</span> <span class='ocrx_word' id='word_1_291' title='bbox 1196 2259 1319 2309; x_wconf 85' lang='lat' dir='ltr'>praef.</span> <span class='ocrx_word' id='word_1_292' title='bbox 1360 2256 1458 2298; x_wconf 83' lang='lat' dir='ltr'>Vol.</span> <span class='ocrx_word' id='word_1_293' title='bbox 1487 2256 1508 2296; x_wconf 93' lang='lat' dir='ltr'>I</span> 
     </span>
     <span class='ocr_line' id='line_1_31' title="bbox 67 2319 975 2377; baseline 0.004 -17"><span class='ocrx_word' id='word_1_294' title='bbox 67 2319 367 2374; x_wconf 82' lang='lat' dir='ltr'>p.LXX1X.]</span> <span class='ocrx_word' id='word_1_295' title='bbox 484 2322 629 2362; x_wconf 75' lang='lat' dir='ltr'>dicitur</span> <span class='ocrx_word' id='word_1_296' title='bbox 668 2322 805 2363; x_wconf 81' lang='lat' dir='ltr'>Turio.</span> <span class='ocrx_word' id='word_1_297' title='bbox 837 2322 975 2377; x_wconf 81' lang='lat' dir='ltr'>Camp.</span> 
     </span>
    </p>

    <p class='ocr_par' dir='ltr' id='par_1_10' title="bbox 68 2389 1505 2509">
     <span class='ocr_line' id='line_1_32' title="bbox 183 2389 1505 2438; baseline 0.004 -10"><span class='ocrx_word' id='word_1_298' title='bbox 183 2390 220 2438; x_wconf 92' lang='lat'>§.</span> <span class='ocrx_word' id='word_1_299' title='bbox 252 2394 319 2430; x_wconf 87' lang='grc'>39.</span> <span class='ocrx_word' id='word_1_300' title='bbox 376 2392 478 2429; x_wconf 76' lang='lat' dir='ltr'>veris</span> <span class='ocrx_word' id='word_1_301' title='bbox 505 2390 665 2430; x_wconf 79' lang='lat' dir='ltr'>similia.</span> <span class='ocrx_word' id='word_1_302' title='bbox 703 2389 843 2431; x_wconf 88' lang='lat' dir='ltr'>Turic.</span> <span class='ocrx_word' id='word_1_303' title='bbox 870 2390 987 2432; x_wconf 84' lang='lat' dir='ltr'><strong>Alm.</strong></span> <span class='ocrx_word' id='word_1_304' title='bbox 1015 2389 1125 2432; x_wconf 81' lang='lat' dir='ltr'>Flor.</span> <span class='ocrx_word' id='word_1_305' title='bbox 1153 2389 1279 2432; x_wconf 79' lang='lat' dir='ltr'><strong>Amb.</strong></span> <span class='ocrx_word' id='word_1_306' title='bbox 1307 2397 1345 2432; x_wconf 89' lang='lat'>1.</span> <span class='ocrx_word' id='word_1_307' title='bbox 1376 2407 1399 2430; x_wconf 80' lang='lat' dir='ltr'>a</span> <span class='ocrx_word' id='word_1_308' title='bbox 1426 2408 1505 2433; x_wconf 88' lang='lat' dir='ltr'>sec.</span> 
     </span>
     <span class='ocr_line' id='line_1_33' title="bbox 68 2454 297 2509; baseline 0.009 -15"><span class='ocrx_word' id='word_1_309' title='bbox 68 2470 124 2495; x_wconf 87' lang='lat' dir='ltr'>m.</span> <span class='ocrx_word' id='word_1_310' title='bbox 158 2454 297 2509; x_wconf 75' lang='lat' dir='ltr'>Camp-</span> 
     </span>
    </p>

    <p class='ocr_par' dir='ltr' id='par_1_11' title="bbox 69 2523 1504 2782">
     <span class='ocr_line' id='line_1_34' title="bbox 182 2523 1504 2580; baseline 0.002 -18"><span class='ocrx_word' id='word_1_311' title='bbox 182 2525 216 2576; x_wconf 60' lang='grc' dir='ltr'>ξ.</span> <span class='ocrx_word' id='word_1_312' title='bbox 248 2525 316 2563; x_wconf 89' lang='grc'>40.</span> <span class='ocrx_word' id='word_1_313' title='bbox 371 2526 538 2578; x_wconf 82' lang='lat' dir='ltr'>primum</span> <span class='ocrx_word' id='word_1_314' title='bbox 556 2527 675 2564; x_wconf 82' lang='lat' dir='ltr'>etiam</span> <span class='ocrx_word' id='word_1_315' title='bbox 702 2523 791 2565; x_wconf 85' lang='lat' dir='ltr'>Par.</span> <span class='ocrx_word' id='word_1_316' title='bbox 814 2529 852 2565; x_wconf 90' lang='lat'>1.</span> <span class='ocrx_word' id='word_1_317' title='bbox 878 2531 919 2566; x_wconf 86' lang='lat'>2.</span> <span class='ocrx_word' id='word_1_318' title='bbox 953 2524 1092 2580; x_wconf 84' lang='lat' dir='ltr'>Camp.</span> <span class='ocrx_word' id='word_1_319' title='bbox 1121 2523 1246 2565; x_wconf 81' lang='lat' dir='ltr'>Aan.</span> <span class='ocrx_word' id='word_1_320' title='bbox 1268 2531 1308 2566; x_wconf 88' lang='lat'>2.</span> <span class='ocrx_word' id='word_1_321' title='bbox 1369 2525 1504 2565; x_wconf 77' lang='lat' dir='ltr'>Silen-</span> 
     </span>
     <span class='ocr_line' id='line_1_35' title="bbox 69 2589 1501 2646; baseline 0.003 -18"><span class='ocrx_word' id='word_1_322' title='bbox 69 2599 132 2628; x_wconf 87' lang='lat' dir='ltr'>tur</span> <span class='ocrx_word' id='word_1_323' title='bbox 158 2589 283 2630; x_wconf 86' lang='lat' dir='ltr'>Amb.</span> <span class='ocrx_word' id='word_1_324' title='bbox 305 2594 342 2629; x_wconf 91' lang='lat'>1.</span> <span class='ocrx_word' id='word_1_325' title='bbox 373 2590 481 2631; x_wconf 86' lang='lat' dir='ltr'>Flor.</span> <span class='ocrx_word' id='word_1_326' title='bbox 591 2595 833 2644; x_wconf 76' lang='lat' dir='ltr'>geometricis</span> <span class='ocrx_word' id='word_1_327' title='bbox 858 2591 995 2633; x_wconf 79' lang='lat' dir='ltr'>Turio.</span> <span class='ocrx_word' id='word_1_328' title='bbox 1028 2608 1048 2631; x_wconf 80' lang='lat' dir='ltr'>a</span> <span class='ocrx_word' id='word_1_329' title='bbox 1073 2608 1134 2646; x_wconf 83' lang='lat' dir='ltr'>pr.</span> <span class='ocrx_word' id='word_1_330' title='bbox 1156 2608 1212 2632; x_wconf 91' lang='lat' dir='ltr'>m.</span> <span class='ocrx_word' id='word_1_331' title='bbox 1241 2592 1349 2632; x_wconf 86' lang='lat' dir='ltr'>Flor.</span> <span class='ocrx_word' id='word_1_332' title='bbox 1376 2592 1501 2633; x_wconf 81' lang='lat' dir='ltr'><strong>Amb.</strong></span> 
     </span>
     <span class='ocr_line' id='line_1_36' title="bbox 72 2657 1500 2715; baseline 0.003 -19"><span class='ocrx_word' id='word_1_333' title='bbox 72 2662 110 2696; x_wconf 82' lang='lat'>1.</span> <span class='ocrx_word' id='word_1_334' title='bbox 169 2657 390 2712; x_wconf 84' lang='lat' dir='ltr'>[Nondum</span> <span class='ocrx_word' id='word_1_335' title='bbox 426 2661 507 2711; x_wconf 84' lang='lat' dir='ltr'>legi</span> <span class='ocrx_word' id='word_1_336' title='bbox 545 2661 600 2698; x_wconf 82' lang='lat' dir='ltr'>sie</span> <span class='ocrx_word' id='word_1_337' title='bbox 639 2662 718 2711; x_wconf 89' lang='lat' dir='ltr'>ejus</span> <span class='ocrx_word' id='word_1_338' title='bbox 749 2663 839 2700; x_wconf 82' lang='lat' dir='ltr'>artis</span> <span class='ocrx_word' id='word_1_339' title='bbox 867 2663 1010 2714; x_wconf 88' lang='lat' dir='ltr'>peritos</span> <span class='ocrx_word' id='word_1_340' title='bbox 1043 2662 1232 2713; x_wconf 84' lang='lat' dir='ltr'>appellari</span> <span class='ocrx_word' id='word_1_341' title='bbox 1259 2664 1500 2715; x_wconf 72' lang='lat' dir='ltr'>simpliciter,</span> 
     </span>
     <span class='ocr_line' id='line_1_37' title="bbox 69 2723 1500 2782; baseline 0.004 -18"><span class='ocrx_word' id='word_1_342' title='bbox 69 2726 146 2764; x_wconf 85' lang='lat' dir='ltr'>nisi</span> <span class='ocrx_word' id='word_1_343' title='bbox 175 2733 233 2765; x_wconf 86' lang='lat' dir='ltr'>est</span> <span class='ocrx_word' id='word_1_344' title='bbox 259 2734 303 2765; x_wconf 87' lang='lat' dir='ltr'>ut</span> <span class='ocrx_word' id='word_1_345' title='bbox 329 2727 432 2765; x_wconf 82' lang='lat' dir='ltr'>infra</span> <span class='ocrx_word' id='word_1_346' title='bbox 459 2723 492 2776; x_wconf 87' lang='lat' dir='ltr'>I,</span> <span class='ocrx_word' id='word_1_347' title='bbox 515 2731 580 2778; x_wconf 89' lang='lat'>11,</span> <span class='ocrx_word' id='word_1_348' title='bbox 604 2732 655 2768; x_wconf 84' lang='lat'>15</span> <span class='ocrx_word' id='word_1_349' title='bbox 682 2726 954 2782; x_wconf 81' lang='lat' dir='ltr'>palaestricis,</span> <span class='ocrx_word' id='word_1_350' title='bbox 983 2729 1053 2767; x_wconf 82' lang='lat' dir='ltr'>ubi</span> <span class='ocrx_word' id='word_1_351' title='bbox 1080 2729 1132 2767; x_wconf 85' lang='lat' dir='ltr'>cf.</span> <span class='ocrx_word' id='word_1_352' title='bbox 1161 2726 1298 2782; x_wconf 82' lang='lat' dir='ltr'>Spald.</span> <span class='ocrx_word' id='word_1_353' title='bbox 1328 2728 1500 2782; x_wconf 64' lang='lat' dir='ltr'>notam]</span> 
     </span>
    </p>
   </div>
  </div>
 </body>
</html>
