1775 3091
298 228 353 269 ad
374 228 507 283 Quint.
530 225 661 268 Instit.
681 224 766 278 IX,
787 229 825 274 3,
850 203 1095 266 87--102,⁸
1116 226 1156 276 4,
1181 230 1350 268 3-31.
1464 231 1543 272 401

216 345 254 395 §.
283 347 324 384 9.
382 341 489 383 Ideo.
532 341 623 382 Par.
644 346 685 382 2.
706 343 796 380 imo.
856 337 982 380 Amb.
1008 342 1046 379 1.
1068 337 1242 394 ideoque.

216 412 254 463 §.
286 414 352 450 10.
411 410 591 466 qffectus.
622 408 690 450 Sic
707 408 796 448 Par.
820 414 858 447 2.
912 406 1097 462 affictum
1116 405 1209 449 Par.
1232 412 1271 447 1.

214 482 251 531 §.
284 483 350 517 11.
410 477 561 518 eosdem
589 475 726 516 modos
759 473 954 514 adhibent.
1008 473 1098 514 Par.
1130 480 1167 514 1.
1199 480 1240 515 2.
1272 472 1402 514 eodem
1429 475 1543 517 modo

101 546 345 586 adhibentur.

215 615 251 664 §.
286 618 352 653 12.
411 610 572 665 supplic.
596 621 665 650 est.
714 607 783 649 Sic
803 608 894 649 Par.
918 614 956 648 1.
975 615 1015 649 2.

212 683 248 733 §.
283 684 349 720 13.
409 694 457 718 ac
479 677 624 719 modis.
670 675 739 718 Sic
758 675 849 717 Par.
875 681 913 717 1.
937 681 978 717 2.
1067 688 1122 716 est
1139 678 1224 719 veh.
1263 676 1354 719 Par.
1379 684 1417 720 1-.
1439 685 1479 722 2.
1500 697 1543 720 eo

98 765 138 790 υ.
225 750 266 787 ἰη
286 757 412 787 textu.
459 745 551 787 Par.
583 751 619 787 1.
639 751 681 787 2.
708 746 750 784 in
778 746 904 784 exitu.
992 747 1032 784 in
1046 747 1148 800 fine.
1198 745 1289 787 Par.
1323 750 1362 787 1.
1391 752 1432 788 2.
1461 763 1543 790 om.

99 820 151 856 in.
225 814 534 869 [Spaldingium
578 829 663 854 non
696 814 875 853 debuisse
925 814 968 851 in
1016 815 1137 853 verbo
1179 817 1305 854 tacita
1342 816 1546 857 offendere

100 884 314 924 Schiitzius
338 886 381 921 iu
404 884 555 923 dissert.
577 881 671 921 Hal,
696 883 795 921 anni
817 885 924 921 1818
946 889 1127 921 extrema
1146 897 1237 935 pag.
1262 892 1420 935 censet,
1448 899 1545 924 nam

98 967 239 992 souare
268 952 432 1006 quidem
455 965 644 990 numeros
674 950 918 1004 modosque,
958 950 1030 989 sed
1054 964 1139 989 non
1165 952 1280 1004 loqui
1307 953 1373 991 vel
1392 954 1544 1004 signifi-

99 1035 188 1060 care
209 1022 449 1074 qujcquam‚
492 1019 598 1073 quod
617 1021 701 1058 vim
720 1017 922 1069 cogitandi
943 1017 1126 1069 efficiat.]

213 1088 248 1138 §.
281 1087 349 1127 14.
412 1085 516 1135 δία,
547 1086 694 1141 Neque.
739 1084 806 1125 Sic
824 1084 915 1126 Par.
942 1090 981 1126 1.
1002 1091 1042 1126 2.
1128 1084 1318 1126 venalitii.
1362 1084 1430 1127 Sic
1450 1086 1542 1128 Par.

225 1165 478 1208 superarunt,
519 1166 568 1194 et.
617 1153 685 1194 Sic
703 1152 795 1193 Par.
818 1158 855 1193 1.
877 1158 919 1194 2.
1005 1155 1254 1208 insequentes.
1302 1152 1370 1194 Sic
1389 1153 1479 1195 Par.
1506 1160 1546 1196 1.

226 1224 367 1263 turbes.
415 1222 483 1263 Sic
511 1221 602 1262 Par.
630 1227 667 1262 1.
690 1227 730 1262 2.

211 1291 246 1342 §.
280 1294 346 1332 15.
406 1307 549 1330 sumus.
588 1289 656 1331 Sic
676 1289 766 1330 Par.
796 1295 837 1329 2.
906 1290 1026 1328 simus
1062 1287 1154 1328 Par.
1186 1293 1223 1328 1.

210 1359 247 1410 ᾧ.
282 1363 348 1398 16.
406 1357 496 1398 illis.
545 1357 636 1398 Par.
661 1363 698 1398 1.
719 1364 758 1398 2.
779 1372 859 1397 om.
949 1359 1061 1396 enim.
1100 1355 1168 1397 Sic
1200 1354 1291 1397 Par.
1316 1361 1355 1396 1.
1374 1362 1415 1397 2.

212 1427 248 1478 §.
283 1431 348 1467 18.
408 1428 636 1465 insistentes.
693 1424 762 1466 Sic
798 1423 886 1464 Par.
921 1428 960 1464 1.
989 1430 1030 1464 2.
1154 1439 1252 1464 eam.
1300 1422 1391 1464 Par.
1430 1429 1468 1465 1.
1500 1430 1541 1466 2.

97 1500 227 1533 etiam.
325 1496 440 1533 etiam
464 1509 653 1532 numeros.
697 1491 789 1531 Par.
812 1496 849 1530 1.
873 1497 913 1531 2.
945 1493 986 1530 in
1019 1506 1210 1531 numeros.
1382 1520 1384 1523 -

210 1565 242 1611 §.
274 1567 342 1603 20.
403 1572 528 1616 atque.
578 1559 646 1600 Sic
662 1559 753 1600 Par.
786 1564 824 1599 1.
846 1564 886 1601 2.
970 1559 1092 1599 verba
1111 1558 1256 1608 verbis.
1305 1557 1374 1600 Sic
1388 1557 1481 1603 Par.
1501 1565 1543 1602 2.

94 1629 214 1669 verba
246 1628 292 1668 tle
312 1629 438 1668 verbis
466 1628 556 1668 Par.
586 1633 626 1667 1.

208 1698 244 1748 §.
276 1701 344 1736 21.
403 1694 612 1736 nonnullis.
660 1693 738 1734 Par
767 1698 805 1733 1.
836 1698 876 1733 2.
903 1708 979 1731 ηοη
997 1690 1092 1732 illis.

209 1767 244 1816 §.
276 1769 345 1804 22.
406 1765 526 1813 κῶλ.,
558 1777 646 1816 περ.
689 1760 757 1800 Sic
784 1759 876 1800 Par.
896 1766 937 1801 2.
968 1758 1035 1813 (et
1054 1758 1179 1799 Amb.
1201 1757 1268 1813 1.)
1351 1771 1441 1801 sunt
1453 1778 1542 1816 gen.

98 1847 180 1870 nec.
221 1829 289 1870 Sic
317 1829 408 1870 Par.
431 1835 467 1869 1.
490 1835 530 1870 2.

211 1898 248 1949 §.
279 1903 349 1938 23.
408 1896 634 1936 cavendnm.
672 1895 740 1937 Sic
762 1895 853 1936 Par.
879 1900 918 1936 2.
977 1909 1064 1934 cav.
1085 1904 1141 1932 est
1169 1892 1261 1934 Par.
1288 1899 1324 1934 1.

211 1969 248 2018 §.
281 1966 350 2006 24.
402 1981 578 2019 pronom.
601 1981 674 2004 ess.
714 1962 781 2004 Sic
799 1962 890 2003 Pas.
915 1968 952 2003 1.
974 1967 1015 2003 2.

213 2033 250 2083 §.
280 2036 348 2073 25.
408 2035 561 2082 nimiae.
611 2032 679 2073 Sic
708 2031 909 2087 Para-k
941 2032 1034 2069 nim.
1065 2039 1121 2068 est
1147 2028 1237 2070 Par.
1267 2034 1305 2070 1.
1421 2033 1480 2070 uti
1504 2048 1542 2086 q.

97 2099 189 2140 Par.
226 2105 263 2140 1.
294 2105 333 2140 2.
364 2111 404 2138 ut
427 2117 467 2154 q.
553 2116 757 2154 superpon.
798 2098 866 2139 Sic
884 2097 976 2138 Par.
994 2103 1032 2137 1.
1051 2102 1092 2138 2.

213 2168 250 2218 §.
281 2172 350 2208 26.
409 2170 483 2207 vis.
528 2166 618 2207 Sed.
665 2167 757 2208 Par.
779 2172 817 2208 1.
838 2172 878 2207 2.
897 2168 957 2205 vis
978 2168 1075 2211 inest
1095 2174 1142 2204 et.
1228 2164 1348 2207 cedet.
1387 2163 1478 2206 Par.
1503 2170 1541 2205 1.

101 2240 140 2275 2.
172 2234 298 2275 cedat.

213 2305 248 2354 §.
277 2306 342 2343 27.
401 2304 575 2356 contigit.
622 2302 713 2343 Par.
739 2307 775 2342 1.
798 2307 838 2343 2.
862 2303 1067 2354 contingit.

213 2373 250 2422 §.
281 2374 348 2410 28.
406 2380 448 2407 ut
477 2386 603 2424 super.
650 2369 740 2410 Par.
777 2375 811 2409 1.
832 2375 871 2410 2.
902 2379 938 2408 et
965 2371 1006 2408 in
1025 2385 1056 2408 s.
1117 2367 1280 2419 [movit.
1322 2362 1474 2406 Wolff.
1497 2365 1542 2403 in

102 2436 198 2476 edit.
221 2438 475 2489 probabiliter
496 2439 665 2488 conjecit
684 2436 903 2489 movetur-J

215 2508 252 2557 ᾗ.
283 2509 351 2545 29.
407 2507 583 2543 transire.
625 2503 693 2546 Sic
712 2504 802 2546 Par.
825 2511 864 2547 2.
921 2504 1086 2543 transiri
1112 2501 1204 2542 Par.
1227 2498 1285 2541 1.¹
1361 2499 1544 2537 intentio-

101 2587 199 2612 nem.
237 2571 324 2612 Par.
347 2576 383 2611 1.
406 2577 445 2612 2.
475 2574 694 2613 intentione.
780 2571 889 2625 illud}
898 2583 967 2612 esi.
1009 2569 1078 2611 Sic
1098 2569 1191 2611 Pax.
1215 2571 1254 2609 1.
1272 2572 1312 2609 2.
1394 2561 1545 2620 posin*-

100 2637 177 2679 die.
225 2638 315 2680 Par.
352 2643 390 2678 1.
420 2654 501 2679 om.

213 2707 249 2758 §.
282 2711 349 2747 31.
407 2705 510 2761 quod
527 2722 604 2747 eos,
653 2706 744 2748 Par.
782 2713 820 2748 1.
852 2713 892 2748 2.
924 2708 990 2763 qui
1019 2721 1097 2746 eos.

149 2784 247 2818 Tom.
277 2784 318 2820 V.
1015 2771 1046 2810 C
1070 2787 1090 2810 c

98 1160 139 1195 ξ»)

97 1229 137 1263 {0
