1775 3091
269 280 293 317 4
699 273 967 328 Supplcmenia
1017 274 1276 311 annotationis

845 420 1022 464 L113.
1093 420 1126 462 I.

386 520 593 573 Inscriptio
634 520 750 569 hujus
776 521 867 556 libri
895 522 936 556 in
966 518 1100 558 Tmic.
1134 517 1238 556 Flor.
1270 516 1393 556 Amb.
1427 523 1463 557 1.
1495 518 1593 557 haec
1625 527 1705 559 est:

279 588 602 643 Quemadmodum
621 590 749 640 prima
768 585 948 623 elementa
966 585 1153 623 traclentla
1172 588 1247 623 sini
1281 584 1395 637 (Tur.
1411 596 1509 623 sunt.
1530 584 1655 626 Amb.
1670 591 1707 625 1.

277 655 552 708 traducenda).
628 653 767 692 Utilius
807 652 911 692 (lomi
951 669 999 691 an
1039 655 1079 690 in
1120 652 1263 691 scholis
1293 651 1530 692 eruclianiur.
1582 652 1708 705 (Tur.

283 727 418 765 Utrum
451 739 472 762 a
494 738 548 762 m.
582 720 685 772 sec.)
748 719 834 768 Oua
864 723 1010 758 ratione
1036 722 1072 757 in
1098 722 1233 773 parvis
1262 721 1416 772 ingenia
1445 719 1709 770 dinoscantur,

278 805 311 832 el
353 809 449 847 quae
487 787 692 828 tractanda
731 789 806 825 sint
857 787 1006 839 (Amb.
1041 791 1076 825 1.
1116 797 1151 825 et
1181 786 1294 840 qua).
1355 786 1417 825 De
1441 790 1709 839 grammatice.

277 863 338 899 De
369 860 498 915 officio
525 856 789 909 grammatici.
848 853 917 892 ,Αη
955 856 1105 892 oratori
1120 853 1265 908 futuro
1296 857 1511 892 necessaria
1543 857 1593 892 sit
1620 853 1711 907 plu-

279 931 377 967 rium
407 928 550 964 artium
579 924 755 961 scientia.
817 921 879 958 De
906 923 1048 959 musice
1087 919 1249 973 (Tm-ic.
1281 935 1303 959 a
1327 935 1382 959 m.
1409 936 1485 960 sec.
1515 918 1708 973 musica).

278 997 339 1033 De
366 992 589 1046 geometria.
649 990 710 1027 De
735 991 865 1042 prima
886 984 1218 1041 pronuncidfionis
1247 997 1283 1024 et
1308 997 1438 1039 gestus
1462 989 1709 1026 institutione.

277 1062 345 1102 An
380 1060 497 1114 plura
534 1056 663 1096 eoclem
701 1067 867 1109 iempore
912 1054 1043 1094 ‹locet-i
1067 1056 1196 1108 prima
1225 1064 1331 1093 aetas
1358 1057 1498 1108 possit.
1557 1053 1712 1093 Eadem

276 1133 468 1168 lemmata
495 1134 587 1164 sunt
612 1128 655 1162 in
682 1121 790 1162 Jens.
821 1122 940 1166 Tarv.
967 1121 1078 1174 (11ἱεὶ
1093 1121 1201 1175 quod
1229 1122 1366 1160 Utrum
1378 1121 1510 1160 utilius
1529 1121 1710 1175 habent).

281 1194 419 1247 Camp.
450 1196 565 1232 inser.
600 1199 716 1229 caret.
773 1188 808 1228 E
837 1199 999 1242 posterr.
1032 1189 1120 1227 edd.
1151 1191 1251 1227 aliae
1281 1192 1406 1228 aliter.

699 1287 1274 1342 PROOEMIUM.

391 1397 421 1448 ᾗ.
457 1400 491 1433 1.
551 1394 712 1447 quietem
752 1407 868 1444 quam
908 1390 1016 1430 Jens.
1047 1388 1144 1430 Loc.
1179 1388 1299 1429 Tarv.
1328 1388 1436 1429 Ven.
1464 1388 1564 1430 ΑΜ.
1598 1388 1709 1430 Sich.

277 1466 415 1516 Camp.
446 1460 576 1502 Andr.
608 1458 742 1499 Turio.
774 1458 878 1497 Flor.
909 1457 1029 1498 Paris.
1055 1463 1092 1497 1.
1181 1456 1388 1498 reluctatus
1408 1457 1580 1512 equidem
1600 1456 1708 1497 Flo'r.

356 1532 549 1584 pertinent
585 1526 722 1567 Tusic.
763 1524 901 1578 Camp.

390 1599 421 1650 ξ.
450 1602 490 1636 2.
550 1594 841 1648 deprecationis,
887 1595 984 1632 Tur.
1016 1608 1039 1631 a
1066 1607 1120 1631 m.
1150 1608 1228 1632 sec.
1268 1591 1548 1646 trepidationi&
1635 1591 1711 1630 Ῐιαο

279 1681 357 1705 0111.
391 1662 512 1703 Goth.
548 1664 739 1715 probante
779 1658 899 1700 Gesn.
1014 1660 1159 1699 divisas
1188 1659 1285 1699 Tur.
1316 1659 1434 1698 Bodj.

387 1734 417 1784 ξ.
450 1735 488 1769 ὅ.
548 1729 594 1767 cle
622 1729 831 1766 demererer
852 1726 957 1766 Flor.
981 1727 1083 1765 cleme
1106 1744 1269 1766 mererer
1287 1726 1404 1767 BodJ.
1425 1724 1539 1765 Ahn.
1571 1725 1707 1766 Turio.

276 1800 345 1853 (ut
376 1796 543 1850 Goth.).
656 1795 828 1849 pleniore
856 1794 962 1834 Flor.
990 1794 1087 1834 Tur.
1113 1792 1234 1835 Goth.
1297 1793 1388 1847 [De
1404 1802 1595 1846 potestate
1613 1808 1707 1845 par-

275 1868 418 1905 ticulae
448 1864 595 1901 demum
624 1861 762 1914 Spald.
795 1863 963 1899 conferri
989 1851 1149 1912 jubebat
1175 1861 1355 1901 Plinium
1383 1860 1508 1913 Epist.
1538 1859 1607 1911 X,
1639 1865 1706 1911 66,

275 1938 298 1973 9
330 1942 368 1971 et
396 1935 528 1984 ipsmn
555 1928 798 1980 Quintih'an.
830 1926 908 1976 XI,
939 1933 976 1976 3,
1009 1928 1103 1979 68.]

386 2001 417 2051 ᾗ.
447 2000 486 2037 4.
547 2011 733 2035 summam
761 1995 848 2032 incle
877 1994 1128 2048 eloquentiae.
1188 1994 1286 2034 Tur.
1325 1999 1357 2035 F
1360 1998 1433 2034 lor.
1465 1994 1572 2036 Jens.
1602 2010 1708 2034 sum-

273 2082 373 2104 mam
411 2067 451 2102 in
488 2063 734 2117 eloquentiae.
795 2060 934 2114 Camp.
973 2060 1106 2101 Andr.
1137 2061 1235 2100 AJd.
1264 2061 1374 2101 Sich.
1402 2061 1490 2103 Par.
1524 2067 1562 2100 1.
1593 2076 1704 2102 man.

272 2148 348 2171 sec.
380 2130 497 2170 Voss.
531 2135 566 2169 3.
597 2145 781 2168 summam
809 2128 1055 2182 eloquentiae.
1109 2127 1306 2168 Poullain.
1338 2128 1425 2166 eod.
1456 2143 1641 2166 summam
1664 2131 1706 2167 in

273 2198 537 2252 eloquentiam.
595 2196 698 2236 Edd.
727 2199 903 2250 reliquae
934 2211 1118 2233 summam
1155 2197 1194 2233 in
1233 2193 1470 2248 eloquentia5
1527 2197 1582 2234 sic
1612 2194 1711 2238 Par.⁴

274 2271 311 2305 1.
343 2275 381 2304 et
410 2271 448 2305 2.
522 2263 740 2317 [Ceterum
767 2266 887 2302 falsus
916 2272 971 2302 est
1002 2262 1232 2315 Spalding„
1283 2276 1374 2300 cum
1405 2264 1483 2312 ait,
1526 2260 1702 2314 Regium
1758 2260 1760 2265 ⁴

271 2335 377 2371 male
401 2335 703 2384 interpretatmn
732 2345 812 2369 esse
841 2320 903 2380 in,
953 2330 1060 2384 quod
1090 2338 1171 2369 erat
1201 2329 1482 2381 compendium
1510 2345 1580 2382 pro
1599 2329 1701 2371 inde.
1756 2328 1760 2353 ³

270 2398 308 2439 Is
340 2402 446 2437 enim
476 2402 519 2436 in
547 2398 807 2444 Jensoniana,
859 2411 981 2450 quam
1012 2395 1182 2449 Regiani
1221 2404 1352 2435 textus
1396 2397 1702 2452 fundamentmn

273 2481 353 2504 esse
393 2481 413 2503 e
450 2468 630 2517 plurimis
669 2466 838 2516 vestigiis
881 2472 1012 2516 patet,
1052 2466 1205 2504 invenit
1240 2466 1292 2502 in.
1328 2462 1401 2514 S.]
1524 2463 1701 2502 diversae
1749 2486 1751 2490 ·

272 2531 382 2571 Sich.
432 2541 469 2571 et
516 2531 655 2585 Steph.
703 2535 748 2571 in
790 2544 938 2583 margg.
1063 2535 1137 2570 etsi
1175 2533 1410 2571 necessarias
1452 2530 1559 2571 Jens.
1597 2527 1697 2571 Loc-

269 2597 391 2638 Tarv.
422 2598 529 2638 Ven.

386 2667 418 2717 ξ.
451 2669 488 2704 5.
547 2667 766 2704 existimem
792 2664 895 2706 nihil
921 2664 1018 2704 Tm.
1046 2663 1153 2704 Flor.
1184 2664 1308 2704 Amb.
1333 2669 1370 2705 1.
1402 2662 1473 2717 (in
1496 2663 1573 2703 hoc
1593 2671 1698 2703 certe
1743 2666 1746 2694 Ῑ

275 2739 354 2770 est:
399 2746 484 2790 cum
512 2733 645 2780 existi,
682 2747 813 2787 neque
842 2741 977 2772 tamen
1006 2733 1055 2772 ob
1082 2733 1363 2773 lacerationem
1382 2732 1549 2785 paginae
1570 2731 1696 2772 videri
1740 2748 1743 2749 ⁷
