1775 3091
198 281 250 323 94
632 283 918 339 Supplementw
931 287 1196 327 annotationis

305 395 342 448 §.
376 400 413 435 6.
472 396 659 451 quidquid
689 407 758 437 est.
816 409 873 437 est
907 414 986 439 om.
1019 397 1156 439 Turio.

303 464 339 516 §.
370 467 412 504 7.
470 465 628 517 negabo.
677 480 773 517 nego
795 463 932 521 Camp.
1048 466 1154 508 utile.
1212 466 1343 507 utilem
1361 466 1467 508 Flor.
1493 466 1626 510 Guelf.

186 525 308 571 Voss.
329 536 367 571 3.
401 530 541 584 Camp⁴

302 599 339 651 §.
371 603 410 639 8.
468 602 678 653 iterumque
715 602 938 656 iterumque.
1006 604 1144 641 iterum
1182 604 1391 657 iterumque
1427 600 1564 642 Turio.
1605 617 1629 643 a

186 679 265 706 sec.
295 681 350 705 111.
399 664 487 720 (pr.
527 682 582 705 111.
626 669 811 708 omiserat
850 668 1081 724 iterumque)
1124 668 1264 724 Camp.
1307 669 1408 712 Obr.
1450 679 1489 710 et
1525 673 1628 709 aliae

187 734 386 788 quaedam
412 733 502 773 edd.
532 749 632 773 rece.
746 735 839 790 quid
855 736 1055 791 expediat.
1115 748 1150 776 et
1171 755 1209 792 q.
1234 753 1328 793 emp.
1359 737 1495 778 Tmic.
1517 736 1626 778 Flor.

185 799 300 840 AJm.
339 799 429 840 Bal.
472 799 611 855 Camp.
660 799 793 843 Andr.
916 804 1100 846 videmus.
1166 805 1367 845 videamus
1415 804 1542 846 Amb.
1586 810 1624 846 1.

183 870 289 908 Jens.
322 866 429 907 Ven.

298 937 332 988 §.
363 940 400 976 9.
459 952 589 991 nempe
617 939 728 978 enim.
786 935 849 978 Ita
885 937 1019 979 Turio.
1053 938 1158 979 Flor.
1200 940 1325 979 Amb.
1355 945 1392 979 1.
1425 956 1447 979 a
1476 956 1535 994 pr.
1566 955 1623 980 m.

181 1000 302 1043 Amb.
335 1009 374 1043 2.
412 1001 535 1044 Paris.
574 1009 611 1044 1.
644 1010 684 1045 2.
716 1010 756 1046 3.
799 1005 938 1060 Camp.
1008 1007 1146 1060 [Vide
1184 1006 1388 1061 Spalding.
1426 1011 1470 1046 in
1498 1009 1623 1061 praef.

179 1068 275 1109 Vol.
308 1067 330 1108 I
368 1086 408 1123 p.
439 1069 728 1124 LXXXIH.]
843 1077 907 1115 sit.
959 1077 1013 1130 fit
1051 1073 1160 1115 Gibs.
1200 1074 1324 1126 Obr.,
1373 1090 1456 1115 non
1495 1076 1623 1114 addic-

177 1134 300 1177 Amb.
337 1142 374 1178 1.
489 1141 549 1178 sic
587 1139 773 1181 dioeerim.
833 1144 891 1180 ita
925 1142 1016 1182 (liar.
1055 1141 1171 1183 Flor.
1213 1142 1354 1196 Camp.
1467 1144 1621 1199 ffciis.

176 1203 266 1244 Hoc
294 1207 375 1256 jam
402 1206 598 1247 dederunt
625 1207 737 1248 Sich.
767 1206 927 1263 Col'u1.;
967 1220 1002 1248 ct
1019 1209 1180 1265 factum
1209 1220 1267 1250 est
1296 1213 1417 1249 etiam
1437 1213 1482 1249 in
1510 1210 1618 1250 Flor.

174 1269 296 1312 Amb.
318 1279 356 1313 2.
389 1272 514 1314 Paris.
545 1280 582 1315 1.
609 1281 649 1316 2.
673 1280 711 1315 3.
745 1275 885 1330 Camp.
944 1276 1234 1317 Difficultatem
1267 1281 1374 1318 tollit
1403 1276 1526 1318 Amb.
1556 1282 1617 1318 1.:

175 1350 211 1378 et
238 1341 434 1395 effectum.
548 1341 671 1383 vultu.
729 1343 857 1383 vultus
888 1344 1024 1385 Tul-ic.
1054 1343 1167 1386 Ahn.
1202 1344 1341 1398 Camp.

286 1409 322 1459 §.
354 1413 420 1449 10.
481 1421 648 1459 reolum,
699 1412 864 1465 improb.
908 1429 1015 1467 opus.
1076 1413 1240 1467 improb.
1275 1423 1418 1452 rectum
1453 1411 1559 1451 Flor.
1593 1425 1618 1450 a

170 1489 231 1528 pr.
254 1490 335 1526 m.3
378 1491 454 1516 sec.
484 1492 539 1517 m.
572 1479 663 1518 add.
696 1493 792 1532 opus
819 1482 925 1519 iuter
955 1484 1048 1534 imp.
1076 1490 1115 1520 et
1144 1492 1178 1519 ct
1209 1491 1301 1521 rect.
1420 1479 1492 1520 illa
1512 1481 1612 1533 ipsa.

168 1543 258 1596 ipsa
288 1542 359 1581 illa
386 1542 493 1584 Flor.
523 1542 656 1585 Guelf.
693 1543 832 1599 Camp.

282 1614 317 1663 §.
353 1616 419 1652 11.
478 1611 781 1653 delectationem.
841 1612 1089 1653 delectionem
1122 1612 1258 1653 Turio.
1289 1613 1398 1655 Flor.
1510 1627 1610 1656 sunt.

168 1675 333 1716 Mutant
369 1680 481 1720 enim.
541 1682 657 1719 etiam
694 1681 792 1720 dant
828 1691 983 1735 praeter
1020 1691 1259 1721 memoratos
1296 1679 1404 1721 Flor.
1437 1681 1537 1722 Obr.
1573 1692 1613 1724 et

166 1742 358 1785 Pottierio
389 1755 488 1786 teste
519 1746 643 1787 Paris.
665 1752 808 1789 1.2.5.
841 1747 1008 1802 camp-3
1039 1758 1239 1803 receptam
1260 1758 1394 1788 tuetur
1412 1747 1532 1790 Amb.
1554 1756 1609 1802 1.,

164 1826 336 1867 eamque
378 1814 557 1855 vindicat
602 1823 806 1869 praeterea
838 1819 903 1856 ⁴ab
949 1816 1147 1858 Obrechti
1186 1820 1455 1858 correctione:
1504 1834 1610 1857 sum-

162 1890 325 1921 mutant.

274 1950 310 2001 §.
345 1954 409 1989 12.
468 1949 664 2003 Antigoni
693 1965 773 1992 om.
814 1950 921 1992 Flor.
955 1966 978 1991 a
1003 1968 1062 2006 pr.
1093 1968 1150 1992 m.
1180 1950 1320 1992 Turio.
1434 1954 1476 1991 in
1506 1962 1606 1993 orat.

159 2016 202 2054 in
231 2030 310 2056 om.
340 2015 478 2058 Turio.

271 2085 307 2135 ξ.
343 2089 408 2124 13.
468 2087 618 2139 opinor.
669 2084 731 2126 Ita
750 2086 857 2127 Flor.
881 2085 1002 2127 Amb.
1023 2092 1063 2127 2.
1095 2096 1135 2126 et
1162 2096 1259 2127 teste
1283 2086 1447 2127 Poffier.
1477 2084 1602 2126 Paris.

159 2154 197 2189 1.
227 2156 265 2191 2.
294 2156 331 2192 5.
369 2151 510 2206 Camp.
631 2153 828 2209 Cythnius,
889 2153 1076 2209 Syilznius
1102 2153 1224 2194 Amb.
1261 2160 1297 2194 1.
1358 2153 1603 2207 [Eustathio

156 2217 208 2256 ad
234 2215 351 2259 Iliad.
383 2219 446 2272 Ω,
484 2226 562 2261 163
590 2237 680 2275 pag.
712 2223 846 2273 1343,
879 2226 930 2261 60
961 2222 1024 2262 ed.
1052 2220 1173 2261 Rom.
1205 2223 1427 2274 appellatur
1458 2219 1604 2274 Sicyo-

153 2287 268 2338 nius3
321 2289 417 2327 inde
453 2286 703 2340 Quintih'ani
741 2288 973 2340 dubitatio]
1099 2291 1140 2328 in
1168 2288 1314 2328 iabula.
1374 2290 1415 2327 in
1445 2304 1490 2326 ea
1516 2287 1598 2329 iub.

153 2349 290 2394 Turio.
333 2354 441 2397 Flor.
477 2355 613 2398 Guelf.
643 2356 765 2398 Amb.
790 2363 830 2398 2.
873 2355 996 2397 Goth.
1027 2355 1150 2397 Paris.
1176 2362 1212 2396 1.
1246 2356 1387 2409 Camp.
1418 2355 1527 2396 Jens.
1559 2363 1600 2395 et

150 2429 252 2470 post.
278 2437 431 2466 ‚omnes
472 2435 564 2465 ante
594 2424 762 2477 Burm.,
807 2427 878 2480 qui
906 2427 1038 2464 omisit
1067 2441 1135 2475 ca,
1175 2424 1286 2463 haud
1317 2425 1437 2463 dubie
1468 2437 1598 2463 errore

150 2493 304 2541 typogr.
422 2490 593 2534 Coloten.
649 2491 711 2533 Ita
746 2502 901 2546 praeter
941 2496 1037 2533 alios
1076 2492 1215 2533 Turio.
1258 2492 1366 2532 Flor.
1398 2489 1520 2531 Amb.
1554 2495 1593 2530 1.

239 2555 413 2600 Ulixem.
480 2561 630 2600 Ulixen
658 2560 795 2601 Turio.
830 2558 953 2600 Amb.
978 2565 1015 2600 1.
1076 2559 1138 2601 Cf.
1165 2557 1201 2611 I,
1232 2560 1272 2612 4,
1297 2565 1347 2599 16
1378 2568 1417 2598 et
1435 2560 1493 2597 ibi
1510 2572 1596 2597 vars

146 2619 255 2658 lectt.
372 2626 499 2679 digne.
560 2628 678 2682 digno
719 2637 777 2667 est
816 2630 938 2666 etiam
976 2630 1021 2666 in
1058 2626 1154 2669 Ald.
1270 2637 1409 2680 posse}-
1463 2619 1590 2672 Possit

145 2682 253 2724 Flor.
279 2684 413 2729 Guelf.
446 2706 539 2730 cum
565 2695 672 2732 Jens.
703 2705 743 2730 et
769 2704 869 2744 post.
903 2703 993 2729 unte
1023 2694 1134 2730 Sioh.
1251 2691 1398 2743 cuique.
1459 2688 1588 2739 cujus-

146 2766 219 2803 qne
249 2756 370 2794 etiam
397 2755 520 2800 Paris.
544 2765 583 2801 2.
614 2759 722 2800 Jens.
756 2767 795 2799 et
822 2767 922 2813 post.
956 2767 1046 2798 ante
1075 2757 1214 2811 sich„
1262 2771 1348 2799 exc.
1376 2751 1470 2795 Ald.
