1775 3091
598 601 641 644 L
709 613 729 645 1
798 613 843 645 Β.
942 602 1004 646 Χ.

674 710 838 752 Gar.
890 709 924 753 I.

191 807 226 859 ξ.
259 810 297 846 1.
356 803 627 856 [cogitationi.
677 799 890 842 Pottierius
922 803 1155 855 cognitioni,
1196 813 1241 845 ut
1269 803 1413 859 vulgo,
1452 821 1527 847 nec

77 874 293 929 quicquam
328 872 377 910 de
411 872 526 911 codd.
555 869 757 910 Parisinis.
815 868 1078 926 Quamquam
1104 871 1182 912 hoc
1203 873 1368 928 quidem
1385 889 1527 927 parum

76 951 145 992 est,
175 941 244 980 sed
266 941 456 992 cogitatio
476 954 547 992 per
564 947 694 978 totum
710 938 820 978 hunc
840 940 988 978 librum
1006 942 1211 993 proprium
1231 942 1385 995 aliquid
1404 945 1528 994 signi-

76 1013 193 1060 fient,
247 1009 297 1047 cf.
325 1023 356 1046 c.
379 1013 418 1047 (5.
450 1005 565 1058 Quin
594 1009 628 1046 si
658 1008 871 1047 contuleris
901 1010 966 1047 vel
993 1022 1042 1047 ea
1067 1023 1172 1063 quae
1195 1011 1329 1048 statim
1351 1025 1528 1063 sequun-

78 1085 162 1126 tur,
216 1079 281 1117 vel
316 1072 421 1115 VIII
456 1076 548 1114 libri
585 1075 825 1127 principium
874 1074 1019 1129 (quod
1057 1078 1226 1115 memini
1259 1077 1529 1116 demonstrare

77 1146 209 1184 virum
248 1144 411 1183 doctum
452 1143 523 1196 qui
561 1143 605 1180 in
643 1141 880 1183 Jenensibus
917 1142 1093 1197 Ephem,
1134 1146 1299 1184 litterar.
1339 1160 1375 1184 a.
1422 1150 1529 1185 1827

78 1209 387 1252 Genslerianum
415 1211 600 1249 libelhun
630 1208 857 1250 Observatt.
884 1212 933 1250 ad
960 1214 1109 1251 librum
1138 1212 1250 1251 hunc
1269 1210 1327 1263 X,
1355 1211 1525 1267 Coburg.

82 1284 205 1330 1822,
246 1280 408 1332 publico
427 1278 575 1328 judicio
595 1277 784 1332 subjecit)
825 1281 996 1332 cognitio
1025 1282 1144 1319 1u1ice
1164 1289 1256 1333 apta
1276 1294 1359 1320 esse
1376 1283 1530 1321 intelli-

77 1347 229 1400 getur.]
306 1347 444 1402 firma,
483 1344 575 1386 Par.
600 1350 636 1385 1.
658 1351 698 1386 2.
708 1345 886 1401 formae.
973 1346 1065 1396 ἵξις.
1105 1346 1194 1387 Par.
1219 1353 1255 1388 1.
1279 1347 1394 1396 λέξις.
1435 1347 1525 1388 Par.

79 1421 120 1456 2.
148 1414 267 1454 lexis.
352 1412 406 1453 ad
436 1429 563 1466 quam.
609 1411 678 1452 Sic
709 1411 802 1452 Par.
837 1419 875 1453 1.
909 1420 948 1454 2.
1044 1414 1287 1470 confiratur.
1328 1415 1418 1455 Par.
1443 1421 1481 1456 1.
1503 1422 1529 1457 2

78 1497 136 1535 pr.
170 1497 223 1521 m.
252 1482 523 1535 conficiuntur.
572 1478 663 1519 Par.
697 1485 723 1520 2
755 1495 833 1519 sec.
864 1495 919 1520 111.
952 1497 1244 1536 consequamur.
1334 1482 1528 1536 diligenti.

79 1549 168 1590 Par.
195 1554 234 1589 1.
255 1553 296 1589 2.
320 1546 556 1599 diligentius.
647 1563 756 1587 cura.
797 1545 865 1587 Sic
889 1547 980 1589 Par.
1008 1553 1044 1589 1.
1064 1556 1104 1590 2.
1193 1550 1287 1605 quisi
1307 1566 1361 1589 ex
1382 1551 1443 1590 his
1464 1551 1530 1590 (le-

73 1616 211 1675 fiterit.
249 1614 339 1656 Par.
360 1620 400 1654 1.
421 1620 461 1654 2.
485 1615 704 1669 quifleaeus
724 1614 861 1654 iisdem
890 1615 1096 1671 cle-fuerint.

191 1686 224 1738 ξ.
260 1689 302 1725 2.
362 1683 486 1736 [fluit.
542 1679 769 1734 Spaldingii
787 1683 982 1723 dubitatio
1001 1684 1050 1722 de
1069 1687 1190 1724 verbo
1196 1686 1328 1740 fluere
1342 1700 1414 1739 pro
1424 1689 1529 1742 flui-

82 1763 165 1791 tare
183 1753 310 1804 posito
330 1750 597 1802 scrupulosior
614 1750 773 1788 videtur
791 1765 914 1804 quam
931 1753 1073 1792 verior.
1126 1751 1276 1793 Censor
1294 1756 1375 1805 ejus
1394 1755 1528 1807 publi-
1574 1759 1576 1761 ’

81 1834 149 1859 cus
177 1818 358 1859 Jenensis
390 1832 425 1856 a.
449 1821 553 1857 1821
580 1814 723 1869 suppl.
749 1831 808 1856 nr.
831 1822 885 1858 77
905 1828 1128 1871 opportune
1154 1820 1291 1859 laudat
1313 1820 1529 1861 Claudiani

82 1890 215 1927 locum
233 1888 278 1924 in
297 1883 433 1924 Rufin.
456 1881 575 1937 Ipn:
607 1882 733 1938 Saepe
763 1885 859 1924 mihi
878 1885 1036 1925 dubiam
1058 1889 1193 1926 traxit
1214 1891 1400 1928 sententia
1423 1906 1530 1928 men-

80 1965 169 2005 tem,
205 1952 393 1993 Curare-nt
412 1942 708 2006 superiicrras,
752 1968 801 1991 an
824 1953 951 1993 nullus
969 1956 1107 1994 inesset
1128 1953 1295 2008 Rector,
1327 1966 1363 1995 ct
1382 1958 1529 1996 incerto

71 2025 240 2079 fluerent
257 2018 444 2060 mortalia
474 2018 613 2069 casm]

193 2090 230 2140 §.
263 2092 302 2127 3.
364 2086 541 2141 quidque.
580 2085 647 2126 Sic
668 2085 758 2127 Par.
783 2093 824 2128 2.
886 2088 1074 2144 quidquid
1102 2088 1192 2130 Par.
1213 2096 1251 2131 1.

196 2158 234 2206 §.
266 2157 305 2195 4.
364 2170 526 2194 summa.
577 2152 644 2194 Sic
674 2153 765 2195 Par.
797 2161 834 2196 1.
894 2173 1082 2197 summam
1119 2155 1211 2198 Par.
1245 2164 1282 2199 2.
1400 2175 1527 2213 quom.

85 2230 176 2264 inst.
219 2222 286 2264 Sic
316 2221 405 2262 Par.
430 2227 467 2260 1.
486 2227 525 2262 2.
614 2221 774 2263 athleta.
817 2223 884 2264 Sic
911 2224 1004 2265 Par.
1038 2230 1075 2265 1.
1104 2230 1155 2277 2,
1213 2226 1284 2266 sed
1309 2236 1351 2264 ut
1371 2227 1529 2266 videtur

86 2295 126 2331 in
154 2294 231 2332 inis
263 2294 474 2330 inventum
502 2305 596 2329 esse.
701 2307 778 2344 qua
808 2294 971 2333 ratione.
1021 2291 1111 2332 Par.
1138 2299 1176 2333 1.
1203 2298 1241 2333 2.
1272 2309 1349 2348 qua
1372 2296 1413 2332 in
1435 2310 1529 2334 ονα-

86 2362 200 2399 tione.
288 2357 443 2396 didicit.
493 2355 581 2397 Par.
609 2363 646 2396 1.
669 2364 708 2398 2.
740 2358 878 2400 dicere.
941 2360 1150 2414 [Videtur
1178 2360 1364 2401 didicerit
1392 2364 1527 2413 fuisse,

85 2429 183 2465 sicut
204 2426 452 2465 accuratioris
469 2428 749 2477 grammaticae
769 2430 868 2468 ratio
887 2428 1105 2482 postulat.]
1194 2432 1356 2483 optime,
1396 2446 1527 2484 quam.

87 2492 152 2533 Sic.
174 2492 262 2532 Par.
293 2497 327 2531 1.
351 2497 388 2531 2.

201 2564 231 2614 «ξ.
265 2565 304 2601 5.
360 2575 444 2612 ραν.
478 2560 624 2614 quibus.
678 2560 766 2601 Par.
802 2568 834 2602 1.
868 2569 905 2604 2.
942 2567 1059 2603 inser.
1093 2580 1124 2603 e.
1222 2565 1305 2604 Eae
1337 2576 1527 2605 constant,

87 2627 175 2668 Par.
203 2633 240 2667 1.
264 2633 304 2668 2.
341 2644 358 2666 c
390 2630 619 2667 constantia.
681 2628 873 2683 [Sarpius
904 2634 945 2670 in
976 2631 1143 2682 Quaest.
1168 2632 1306 2686 philol.
1336 2630 1526 2672 Rostoch.

90 2711 123 2734 a.
164 2699 268 2736 1819
303 2695 415 2734 editis
450 2711 485 2749 p.
512 2696 561 2735 5-1
599 2697 660 2746 1εἰς
690 2693 991 2745 Quintilianum
1023 2703 1216 2754 scripsisse
1250 2703 1418 2741 instituit
1439 2717 1531 2754 pro-
