1804 3091
1507 234 1562 269 lx

127 338 370 380 brosianum
409 336 592 392 priorem
633 342 780 376 nactus
817 342 945 376 esset.
1014 331 1178 375 Verum
1217 331 1290 374 ille
1329 331 1564 374 Florentini

126 418 283 460 codicis
312 416 523 470 excerptis
554 415 721 456 demum
744 413 804 455 'ab
827 412 937 455 libro
955 411 1040 454 Vll
1071 415 1198 468 cap.(3
1227 415 1302 465 §.7
1331 412 1393 453 uti
1414 412 1564 466 coepit,

125 511 203 537 nec
231 494 559 536 Ambrosianum
588 491 707 533 illum
734 493 1086 547 antiquissimum,
1117 493 1218 532 item
1248 489 1427 531 alterum
1454 491 1569 543 ejus-

123 576 219 616 dem
243 571 555 627 bibliothecae,
595 570 724 626 longe
763 570 929 625 quidem
958 571 1097 624 priore
1127 572 1379 612 deteriorem
1410 568 1484 609 sed
1514 581 1568 608 ne

123 653 184 693 sic
213 651 382 707 quidem
408 649 615 701 inutilem,
647 650 728 690 nisi
758 648 892 690 obiter
922 663 996 704 per
1015 649 1365 703 opportunitatem
1386 648 1570 702 suscepti

123 731 169 771 in
200 729 365 771 Italiam
394 730 586 780 itineris,
639 729 739 770 dum
778 729 891 768 tertii
920 725 1146 769 voluminis
1177 727 1406 768 editionem
1436 733 1568 781 parat,

123 810 332 864 inspexit,
362 810 572 864 integram
598 809 815 862 utriusque
845 807 1130 848 diversitatem
1159 807 1393 861 scripturae
1423 819 1573 846 excer-

125 898 240 943 ptam
269 887 394 943 paulo
423 897 520 928 ante
550 886 712 927 obitum
742 888 915 942 accepit.
971 884 1117 941 Itaque
1147 899 1243 926 rara
1272 885 1497 926 admodum
1527 891 1572 924 et

127 967 319 1021 dispersa
355 967 514 1007 mentio
556 966 748 1006 codicum
778 963 1157 1006 Ambrosianorum
1187 963 1237 1005 fit
1264 977 1339 1018 per
1365 961 1472 1004 illud
1500 976 1575 1003 vo-

125 1043 291 1095 lumen,
342 1046 424 1085 nisi
463 1045 574 1100 quod
615 1058 688 1084 eos
728 1044 771 1082 in
812 1040 922 1082 libro
953 1057 1065 1083 nono
1095 1041 1309 1097 aliquanto
1338 1042 1574 1082 accuratius

127 1121 399 1178 Spaldingius
429 1122 707 1176 comparavit,
754 1119 1083 1160 Ambrosianum
1113 1119 1133 1160 I
1163 1121 1330 1175 quidem
1360 1134 1492 1175 usque
1521 1120 1576 1161 ad

132 1206 266 1256 cap.4
295 1203 331 1251 ξ.
350 1205 452 1251 135,
483 1214 564 1255 quo
592 1198 705 1249 loco,
737 1197 1023 1252 compluribus
1054 1197 1169 1240 foliis
1200 1199 1442 1253 deperditis,
1470 1200 1578 1253 opti-

128 1294 221 1320 mus
258 1279 331 1320 ille
372 1278 481 1320 liber
523 1277 687 1328 deficit,
739 1291 876 1331 neque
910 1275 1005 1317 luce
1036 1290 1114 1317 sua
1144 1285 1239 1316 ante
1269 1276 1408 1331 ipsum
1436 1277 1575 1330 operis

128 1357 340 1414 epilogum
359 1372 523 1399 crassas
542 1366 778 1398 ceterorum
802 1356 996 1396 codicum
1017 1354 1212 1395 tenebras
1230 1354 1443 1405 diffundit,
1473 1352 1577 1394 Am-

127 1436 372 1478 brosianum
397 1436 438 1478 II
466 1451 599 1492 usque
631 1436 683 1476 ad
713 1439 839 1489 cap.3
871 1437 908 1485 ξ.
924 1439 964 1486 2,
997 1433 1071 1475 ubi
1099 1436 1333 1488 interrupto
1350 1432 1577 1473 verborum

131 1524 248 1556 textu
278 1515 430 1557 lacuna
469 1516 649 1571 pertinet
689 1514 741 1554 ad
773 1513 847 1555 lib.
879 1513 947 1564 X,
980 1518 1027 1564 1,
1062 1517 1156 1554 108.
1216 1512 1300 1553 Sed
1331 1526 1384 1552 ne
1413 1511 1465 1552 ab
1497 1510 1578 1551 hoc

131 1596 230 1636 inde
260 1594 355 1636 loco
394 1609 527 1650 usque
572 1595 622 1635 ad
653 1592 727 1634 lib.
761 1591 850 1643 XI,
883 1596 931 1643 1,
963 1595 1039 1643 72,
1080 1592 1156 1633 ubi
1194 1592 1333 1632 denuo
1371 1589 1441 1632 hic
1467 1588 1579 1631 liber

130 1672 325 1714 lacunam
373 1673 523 1724 habet,
574 1672 847 1728 Spaldingius
887 1672 982 1724 ejus
1025 1668 1289 1710 variantibus
1325 1667 1580 1709 lectionibus

133 1767 233 1793 usus
264 1761 350 1802 est,
388 1761 679 1807 praeterquam
706 1751 750 1790 in
779 1749 854 1790 illa
882 1758 998 1804 parte
1029 1749 1175 1803 capitis
1205 1748 1330 1802 primi
1362 1746 1463 1787 libri
1492 1744 1578 1787 XI:

135 1830 187 1871 ab
217 1830 306 1881 XI,
339 1835 388 1881 2,
419 1834 474 1872 34
504 1831 697 1879 demum,
747 1829 857 1868 unde
888 1827 1125 1867 redorditur
1154 1833 1319 1875 textus,
1364 1839 1497 1879 usque
1527 1825 1581 1864 ad

135 1907 247 1959 XII,
279 1913 328 1959 6,
362 1912 409 1958 5,
460 1908 534 1948 ubi
577 1906 719 1947 deficit
756 1905 890 1956 liber,
940 1917 1210 1960 quascunque
1241 1903 1324 1944 sibi
1353 1902 1583 1959 collegerat

136 1988 302 2042 copias,
341 1984 469 2028 simul
499 2000 645 2026 omnes
674 1993 840 2039 paratas
871 1983 1032 2024 habuit.

244 2144 340 2186 Hoc
376 2145 506 2201 igitur
545 2144 761 2199 negotium
797 2140 872 2182 illo
909 2143 1075 2196 priore,
1125 2141 1238 2195 quod
1276 2153 1409 2195 paene
1449 2148 1585 2180 totum

134 2221 373 2278 relegendis
413 2238 461 2263 ac
501 2223 742 2277 repetendis
782 2222 858 2272 iis,
911 2234 1017 2274 quae
1062 2228 1151 2260 tum
1191 2220 1359 2274 quidem
1390 2217 1583 2260 consulto

134 2302 223 2356 ipse
244 2301 514 2357 Spaldingius
545 2302 758 2350 omiserat,
791 2298 1100 2349 continebatur,
1130 2297 1257 2354 longe
1288 2307 1330 2338 et
1353 2298 1585 2351 jucundius

138 2388 180 2420 et
213 2379 470 2422 fructuosius
502 2380 594 2431 fuit,
624 2389 670 2420 ut
692 2379 884 2419 codicum
907 2375 1170 2428 Turicensis,
1201 2376 1451 2427 Florentini,
1482 2377 1586 2417 utri-

137 2473 269 2514 usque
311 2458 578 2500 Ambrosiani
614 2473 688 2513 per
728 2472 800 2498 eas
848 2464 1014 2511 partes,
1064 2455 1139 2496 ubi
1185 2469 1391 2510 quemque
1438 2468 1586 2495 eorum

138 2535 409 2592 Spaldingius
448 2552 533 2578 non
564 2536 851 2585 adhibuisset,
905 2532 974 2574 vel
1012 2535 1151 2575 minus
1181 2543 1374 2575 accurate
1405 2547 1587 2574 comme-

140 2624 360 2666 morasset,
391 2617 621 2670 scripturae
649 2615 914 2656 diversitates
945 2611 1246 2668 colligerentur
1276 2621 1436 2653 etcum
1466 2610 1586 2666 Spal-

141 2693 340 2749 dingiano
372 2702 492 2735 textu
523 2695 897 2735 committerentur.
958 2689 1106 2747 Neque
1132 2694 1246 2734 enim
1270 2691 1376 2733 haec
1394 2691 1586 2734 codicum
