1775 3091
121 237 175 278 ad
198 235 328 291 Quint.
349 236 445 277 Insr.
474 235 556 287 IIL
581 241 616 277 1.
643 237 679 287 §.
700 241 898 278 20—22·
929 242 968 278 2.
994 237 1029 290 ᾗ.
1055 241 1174 278 1-4,
1209 244 1246 279 3.
1269 242 1420 292 §.1.2.
1483 244 1562 282 119

121 352 227 392 «licet
263 351 368 393 Flor.
411 350 550 404 (lamp.
592 348 693 391 Obr.
731 351 820 390 fort.
861 349 987 392 Amb.
1024 356 1062 392 1.
1185 354 1436 406 compararit.
1493 350 1557 393 Ita

121 419 244 460 Paris.
270 424 306 460 1.
329 424 366 459 3.
399 417 538 473 Gamp.
599 419 841 472 comparavit
867 420 947 469 jam
973 419 1134 460 dederat
1163 419 1324 473 Col'u1.;
1366 429 1405 460 et
1432 420 1554 462 habet

120 486 243 527 Paris.
276 492 315 528 2.

229 569 265 618 §.
297 570 335 606 3.
394 566 495 603 sicut
535 566 590 603 in.
658 564 779 603 sicuti
816 565 857 603 in
892 562 1018 605 Amb.
1055 571 1091 606 1.
1217 565 1304 606 alia
1340 565 1456 607 insul.
1496 590 1552 599 -—

120 631 234 671 utilia
262 647 340 671 om.
371 630 506 670 Turio.
542 632 650 670 facili
680 645 822 670 errore.
937 634 1025 686 ipsi.
1085 636 1171 687 ipso
1200 633 1306 674 Flor.
1336 649 1360 675 a
1388 650 1466 675 sec.
1494 649 1551 675 m.

118 699 244 739 Amb.
273 705 310 740 1.
343 697 466 739 Goth.
582 708 683 749 tum,
728 714 839 752 quae.
897 708 1023 738 tumve
1059 685 1165 742 Flor.
1207 717 1229 742 a
1258 718 1316 756 pr.
1350 717 1406 743 m.
1464 701 1556 741 dum

120 783 218 821 quae
244 766 350 807 Flor.
383 781 406 806 a
433 781 510 806 seo.
539 780 594 806 m.
654 781 815 820 cumque
850 764 972 808 Amb.
1002 773 1042 809 2.
1087 767 1221 811 Guelf.
1254 784 1348 811 cum
1374 768 1493 812 Voss.
1512 773 1552 811 3.

119 850 206 875 cum
237 851 335 890 quae
361 834 485 875 Bern-

230 918 265 967 §.
295 915 335 954 4.
391 917 572 968 primam.
631 915 799 969 primum
826 911 948 955 Amb.
971 919 1005 954 1.
1067 916 1255 969 originem
1282 930 1363 957 om.
1393 914 1500 958 Flor.
1531 932 1558 958 a

118 997 176 1034 pr.
210 996 266 1022 m.
379 993 498 1037 putet.
554 993 684 1037 putem
720 991 779 1022 est
818 985 939 1022 etiam
973 985 1017 1021 iu
1051 981 1193 1037 Camp.
1227 985 1317 1024 fort.
1347 982 1468 1025 Amb.
1491 990 1555 1039 1.;

121 1048 225 1088 Flor.
257 1051 408 1090 siletur.
464 1060 598 1103 putent
625 1047 755 1089 Stoer.
787 1048 956 1090 Chouet.
979 1048 1090 1090 Gibs.
1205 1061 1241 1090 et
1262 1053 1343 1090 sine
1363 1052 1448 1093 urb.
1507 1068 1558 1094 ac

119 1132 150 1155 s.
176 1134 212 1156 u.
246 1116 386 1170 Camp.
503 1116 649 1168 legibus
678 1131 758 1156 om.
789 1119 900 1157 Flor.
931 1131 954 1155 a
973 1132 1033 1169 pr.
1054 1131 1109 1158 m.
1226 1128 1262 1156 et
1289 1128 1428 1159 tamen.
1488 1119 1558 1159 secl

119 1193 148 1223 i.
182 1182 322 1236 Camp.
439 1185 481 1221 in
510 1183 586 1223 his.
633 1185 674 1222 in
705 1185 754 1222 iis
781 1182 917 1223 Turio.
950 1181 1072 1223 Goth.
1098 1181 1238 1237 Camp.
1264 1184 1371 1225 Jens.
1396 1194 1435 1225 et
1453 1189 1556 1226 aliae

119 1250 209 1290 edd.
249 1259 345 1291 vett.
459 1266 507 1289 ac
545 1249 699 1306 d‘fi'sd·
765 1261 879 1304 atque
917 1249 998 1304 def:
1039 1249 1176 1291 Turio.
1214 1250 1321 1291 Flor.
1361 1249 1482 1292 Amb.
1515 1257 1554 1294 1.

121 1316 261 1371 Camp.
320 1328 355 1356 et
394 1316 473 1374 def:
516 1316 639 1358 Goth.
755 1316 835 1357 alio
872 1316 1019 1358 melius.
1085 1317 1173 1358 mel.
1213 1317 1266 1359 al.
1306 1317 1430 1361 Goth.
1461 1335 1556 1361 cum

119 1383 226 1425 Jens.
259 1393 299 1425 et
326 1394 425 1439 post.
453 1394 546 1426 ante
578 1383 757 1441 Gryph.,
807 1400 895 1426 exc.
926 1384 1037 1426 Sich.

682 1518 719 1563 C
749 1532 778 1560 Α
811 1535 849 1561 12.
909 1516 997 1560 III.

231 1606 464 1650 Inscribitur
500 1611 556 1650 sic
595 1611 640 1649 in
677 1607 798 1650 Amb.
832 1614 868 1650 1.
918 1608 1055 1650 Turio.
1096 1608 1203 1650 Flor.
1242 1608 1364 1651 Bern.
1451 1609 1559 1663 Quae

121 1674 247 1731 (Tm.
283 1676 387 1731 Qui)
424 1687 596 1732 partes.,·
639 1681 682 1716 in
722 1675 844 1718 Go1h.
886 1676 994 1727 Quae
1035 1687 1121 1716 sunt
1158 1688 1290 1731 paries
1324 1678 1559 1730 rhetorices,-

120 1746 166 1782 in
192 1744 301 1784 Jens.
332 1753 371 1783 et
401 1753 501 1798 post.
536 1754 626 1783 ante
656 1743 783 1784 Bad.:
838 1744 1013 1798 Quinque
1043 1754 1130 1782 sunt
1156 1755 1289 1797 partes
1319 1745 1559 1797 rhetorices5

120 1813 164 1850 in
191 1814 303 1862 rell.,
344 1826 430 1851 exc.
463 1810 563 1852 Obr.
596 1808 743 1851 Gesn.:
782 1810 960 1865 Quinque
987 1827 1066 1849 esse
1091 1821 1222 1864 partes
1253 1811 1475 1850 rhetorices.

235 1893 271 1941 §.
305 1893 343 1929 1.
403 1899 592 1928 auctores.
653 1899 826 1928 oratores
868 1895 927 1928 est
954 1891 1074 1928 etiam
1102 1890 1146 1927 in
1175 1903 1300 1941 marg.
1331 1887 1445 1929 Sich.

123 1956 384 2010 dispositione.
435 1955 703 2009 disputatione.
819 1966 855 1994 et
885 1972 976 1996 rem.
1027 1966 1062 1994 et
1084 1958 1272 1996 omittunt
1291 1955 1425 1996 Turio.
1445 1954 1558 1997 Flor.

122 2021 238 2062 Ahn.
280 2020 415 2062 Guelf.
454 2020 575 2062 Amb.
605 2029 645 2063 2.
688 2020 826 2075 camp.
867 2021 968 2063 Obr.
1007 2024 1097 2063 fort.
1129 2020 1311 2064 Amb.1.
1424 2023 1558 2064 verba.

122 2089 278 2128 verbum
314 2090 421 2130 Jens.
469 2099 509 2130 et
545 2099 707 2144 posterr.
754 2098 847 2130 anto
886 2088 997 2131 Sich,
1015 2121 1027 2142 ,
1077 2092 1227 2142 codex,
1279 2090 1388 2146 quod
1421 2092 1560 2142 sciam,

122 2160 272 2197 nullus.

234 2239 270 2288 §.
302 2240 343 2276 2.
400 2233 467 2274 Ac
492 2237 540 2275 si.
597 2234 657 2274 At
685 2236 722 2274 si
761 2234 884 2278 Goth,
918 2251 1011 2276 cum
1038 2235 1146 2276 Jens.
1177 2235 1296 2276 Tarv.
1325 2234 1420 2276 Ald.
1479 2235 1561 2286 hic,

127 2303 163 2341 si
188 2301 298 2343 Flor.
329 2317 353 2342 a
379 2317 456 2342 sec.
487 2317 542 2342 m.
643 2304 800 2357 finitus.
850 2306 992 2360 finitur
1019 2303 1127 2344 Jens.
1159 2318 1252 2343 cum
1278 2313 1440 2356 posterr.
1467 2311 1560 2342 ante

128 2367 265 2420 Sich.;
312 2378 512 2422 receptam
556 2383 578 2407 e
615 2367 801 2410 Vallensi
839 2373 953 2412 affert
993 2370 1154 2412 Badius.
1268 2372 1367 2410 enim
1396 2379 1558 2409 tantum.

127 2447 226 2476 iant.
249 2453 305 2476 en.
334 2434 454 2476 Amb.
480 2441 517 2475 1.
631 2436 724 2490 quid
752 2448 787 2476 et
815 2438 1019 2492 quomodo.
1067 2436 1166 2492 quid
1185 2448 1252 2477 aut
1272 2454 1310 2491 q.
1342 2436 1443 2478 Obr.
1468 2450 1563 2476 cum

129 2503 266 2544 Turio.
296 2518 411 2543 asec.
431 2518 484 2542 m.
513 2500 562 2555 (a
582 2518 641 2556 pr.
661 2519 716 2544 m.
738 2503 806 2557 at)
837 2494 1001 2559 Caximp..)
1046 2514 1244 2558 receptam
1271 2503 1405 2544 {uetur
1432 2501 1560 2542 Amb.

133 2577 171 2611 1.
287 2581 322 2609 et
351 2570 611 2624 dispositione.
667 2581 703 2609 et
730 2586 810 2613 om.
841 2577 960 2613 etiam
999 2572 1125 2613 Amb.
1153 2578 1216 2623 1.;
1260 2574 1346 2611 rell.
1377 2571 1563 2610 videntur

132 2640 313 2678 retinere.
427 2653 545 2690 neque
573 2660 629 2669 —
657 2654 783 2693 neque.
840 2657 908 2680 nec
937 2664 993 2672 -
1022 2656 1090 2680 nec
1119 2637 1241 2680 Goth.
1272 2653 1366 2678 cmn
1385 2637 1493 2678 Jens.
1524 2645 1565 2676 et

132 2714 233 2758 post.
273 2713 365 2745 ante
405 2703 517 2744 Sich.
632 2721 678 2745 ea
712 2723 862 2763 quoque
895 2724 1002 2763 par-S.
1071 2724 1220 2763 quoque
1267 2715 1325 2747 est
1362 2708 1482 2746 etiam
1521 2706 1567 2744 iu
