1804 3091
242 249 291 284 Vl

238 357 324 389 tum
357 346 485 397 mihi,
534 354 621 387 tum
660 344 824 386 duobus
857 343 1112 398 juvenibus,
1159 342 1272 384 Frid.
1303 343 1493 384 Sandero
1529 352 1570 384 et
1598 344 1677 385 Ed.

237 424 463 476 Bonnello,
489 423 823 465 exhauriendum
845 422 987 473 fuerit,
1012 430 1056 463 ut
1073 422 1125 462 ad
1144 421 1269 462 hasce
1293 421 1436 477 epulas
1456 424 1680 463 instructas

235 504 472 545 litterarum
503 502 787 544 Romanarum
826 502 1039 542 studiosos
1072 502 1251 540 invitare
1280 515 1512 555 possemus.
1570 499 1681 541 Nam

235 596 390 637 magna
420 594 488 621 me
516 579 675 620 laboris
705 588 822 634 parte
852 580 1059 620 industria
1087 578 1238 619 horum
1257 580 1442 620 virorum
1464 579 1680 619 doctorum

234 659 417 710 levavit,
476 672 655 713 quorum
685 657 900 698 sanderus
940 659 1108 712 quidem
1145 659 1189 698 in
1220 657 1354 699 tribus
1383 659 1530 713 primis
1559 656 1680 698 libris

233 748 276 780 et
307 739 444 794 quarti
474 738 608 791 capite
636 737 793 791 primo,
834 734 1092 786 Bonnellus,
1120 736 1234 777 illius
1265 751 1415 791 operae
1445 750 1679 787 successor,

233 820 278 858 in
309 816 452 857 alteris
482 814 616 856 tribus
646 813 767 855 libris
799 828 931 869 usque
968 815 1021 855 ad
1048 824 1213 855 sextum
1245 816 1456 854 variantes
1486 814 1681 854 codicum

233 896 612 949 manuscriptorum
642 900 682 932 et
712 892 946 933 editionum
984 902 1175 933 veterum
1205 894 1431 947 scripturas
1460 891 1680 947 plerasque

232 976 290 1014 ita
319 954 663 1027 comPosllerunt,
713 979 758 1011 ut
787 969 911 1012 firma
962 973 1081 1026 quasi
1110 971 1385 1011 fundamenta
1412 970 1680 1021 collocarent,

233 1051 384 1106 quibus
432 1053 522 1105 ipse
570 1063 737 1105 possem
775 1059 816 1090 et
858 1049 1022 1104 reliqua
1068 1059 1357 1104 superstruere
1397 1058 1438 1089 et
1471 1050 1681 1103 judicium

232 1131 478 1185 adjungere.
537 1128 591 1169 Et
619 1129 663 1168 in
690 1142 741 1168 ea
771 1129 939 1182 quidem
969 1143 1014 1168 re
1045 1137 1130 1168 tam
1159 1137 1352 1168 accurate
1382 1130 1538 1168 versati
1566 1137 1678 1179 sunt,

233 1218 301 1259 ut,
335 1223 430 1249 cum
461 1209 598 1248 denuo
630 1208 869 1262 congeriem
894 1208 1148 1246 variantium
1177 1204 1407 1246 lectionum
1437 1220 1531 1247 cum
1556 1205 1678 1247 libris

232 1286 333 1328 olim
364 1287 487 1329 editis
519 1295 560 1326 et
591 1287 802 1339 excerptis
838 1286 1219 1339 manuscriptorum
1251 1284 1445 1324 conferre
1474 1286 1681 1326 instituis-

230 1380 344 1415 sem,
388 1379 521 1419 pauca
551 1365 802 1419 corrigenda
841 1363 909 1404 vel
950 1364 1142 1405 addenda
1182 1364 1444 1412 invenerim,
1490 1365 1681 1418 quamvis

231 1442 358 1484 facile
389 1452 501 1484 esset
531 1453 578 1484 ut
618 1444 662 1483 in
694 1444 904 1497 ejusmodi
934 1443 1106 1497 negotio
1147 1440 1215 1481 vel
1245 1444 1451 1482 acerrima
1480 1452 1581 1483 cura
1609 1443 1680 1483 de-

231 1522 495 1577 fatigaretur.
539 1521 684 1577 Itaque
710 1537 793 1562 non
815 1521 959 1562 dubito
985 1523 1107 1576 quin,
1140 1534 1222 1575 quo
1247 1522 1382 1561 rarior
1406 1519 1485 1561 hac
1512 1521 1679 1575 quidem

233 1608 370 1641 aetate
434 1600 490 1641 lis
530 1600 638 1642 bene
689 1601 878 1641 merendi
907 1601 958 1640 de
992 1598 1146 1639 litteris
1175 1599 1341 1639 Latinis
1371 1598 1567 1640 voluntas
1597 1608 1677 1651 est,

231 1693 400 1720 omnem
437 1681 623 1720 virorum
666 1678 994 1733 intelligentium
1032 1680 1210 1732 gratiam
1239 1680 1383 1718 inituri
1412 1680 1521 1728 sint,
1573 1694 1679 1733 quae

231 1756 358 1813 longe
397 1759 584 1799 omnium
620 1758 934 1812 jucundissima
972 1770 1141 1797 merces
1181 1765 1244 1796 est
1279 1758 1486 1810 juvenum
1527 1756 1680 1799 altiora

228 1837 470 1890 petentium.

346 1993 431 2033 Sed
463 1995 699 2034 accuratius
730 1992 1026 2047 explicandum
1057 2001 1134 2043 est,
1166 1994 1265 2047 quid
1296 1993 1376 2034 hoc
1407 1993 1680 2049 Supplemen-

234 2081 371 2111 torum
415 2070 627 2111 volumine
667 2085 862 2126 novoque
897 2080 1097 2125 apparatu
1128 2072 1180 2111 ad
1211 2070 1522 2119 Quintilianum
1552 2087 1680 2128 expo-

230 2149 418 2189 liendum
458 2151 733 2191 contineatur.
813 2150 868 2190 Et
907 2157 1040 2189 totum
1085 2150 1252 2204 quidem
1291 2151 1385 2202 ejus
1426 2150 1679 2192 conficiendi

233 2226 453 2268 consilium
484 2229 581 2269 inde
610 2229 837 2282 profectum
872 2237 950 2276 est,
983 2226 1094 2281 quod
1125 2225 1395 2280 Spaldingius
1423 2230 1603 2282 primum
1632 2231 1678 2270 in

233 2318 358 2359 opere
386 2305 576 2346 Fabiano
607 2308 866 2348 recensendo
897 2313 938 2345 et
965 2304 1241 2355 illustrando,
1273 2318 1354 2360 quo
1385 2304 1554 2361 longius
1582 2323 1677 2362 prc-

232 2384 412 2434 cederet,
445 2398 495 2424 eo
526 2383 621 2439 plus
651 2383 734 2424 sibi
765 2385 974 2439 agendum
1004 2393 1293 2438 proposuerat,
1327 2392 1413 2424 tum
1445 2387 1554 2439 quod
1582 2401 1677 2441 gra-

233 2463 403 2501 vissima
442 2463 631 2503 subsidia
670 2464 814 2503 critica
858 2472 953 2516 post
991 2464 1169 2518 primum
1208 2463 1375 2503 demum
1416 2462 1675 2518 alterumque

232 2538 429 2579 volumen
473 2541 628 2581 editum
670 2544 708 2581 ei
749 2541 1013 2595 obtigerant,
1065 2541 1244 2595 denique
1297 2542 1407 2595 quod
1449 2543 1531 2596 ipsi
1568 2545 1675 2582 inter

237 2617 387 2657 edendi
417 2633 555 2658 moras
587 2634 667 2659 non
697 2621 851 2674 exigua
874 2619 1214 2659 obseruationum
1236 2621 1354 2674 copia
1376 2621 1552 2660 subnata
1574 2630 1675 2670 erat,

235 2708 336 2748 quas
357 2696 398 2735 in
422 2694 506 2736 fine
532 2699 660 2737 totius
681 2699 819 2751 operis
843 2713 935 2738 cum
958 2697 1184 2739 lectoribus
1207 2700 1514 2740 communicare
1538 2697 1673 2738 tellet.
