1775 3091
273 263 327 304 ml
358 262 519 317 Quintil.
551 262 679 303 Jttslil.
706 260 760 312 2⁷,
790 267 830 304 7.
860 264 895 315 ξ.
918 253 1111 303 36437.
1157 267 1194 301 8.
1227 261 1264 312 §.
1291 267 1426 303 1—6.
1486 265 1566 306 245

243 378 277 428 §.
310 384 348 418 2.
407 377 542 431 Aiqzn'.
603 375 736 417 Guelf.
759 391 807 415 ac
827 378 903 430 qui.
1015 391 1111 430 quae
1138 385 1237 414 cont.
1294 373 1432 416 Turio.
1460 375 1563 416 Flor.

131 442 262 484 Guelf.
292 447 358 499 qni
386 455 486 485 cont.
599 454 740 483 tractu.
800 443 927 505 Amb.
951 449 988 483 1.
1022 443 1127 482 Flor.
1157 453 1301 482 tracta.
1359 443 1468 484 Jens.
1500 455 1563 483 ta-

130 523 206 551 ctu.
322 529 401 552 orn.
434 522 743 565 argumentorum
776 527 899 564 comp.
958 511 1064 550 Flor.
1097 525 1253 565 quoque
1285 512 1458 550 medinm
1491 528 1563 551 vo-

129 595 217 618 cem
258 583 419 619 omittit.
551 577 825 631 superirulncti.
901 578 1021 618 Amb.
1067 582 1103 617 1.
1142 583 1179 618 2.
1218 592 1377 632 quoque
1418 579 1565 618 inducti

127 663 253 700 snper,
309 647 416 686 Flor.
449 645 614 684 inductis
642 661 764 699 super.
879 644 996 683 latins
1028 661 1137 699 quae.
1197 642 1323 686 Amb'.
1355 651 1392 685 1.
1425 645 1562 686 Guelf.

127 711 328 768 latiusque.
386 728 509 766 marg.
552 711 674 752 Basil.
716 712 832 751 latius
869 729 996 766 quam.
1108 712 1259 751 liedcm.
1318 710 1453 752 Guelf.
1483 714 1563 751 his-

128 778 223 818 dem.
336 783 552 820 minuimus.
610 779 736 822 Amb.
765 785 802 820 1.
835 783 1044 820 innuimus.
1156 781 1367 820 hortamur.
1425 779 1564 821 Omit-

125 854 216 886 tunt
245 846 384 901 Camp.
415 847 537 888 Gesu.

241 927 276 976 §.
308 932 347 967 3.
406 927 601 966 didicisse.
659 926 784 968 Amb.
816 932 854 967 1.
893 925 1031 966 Turio.
1071 925 1178 965 Flor.
1211 940 1233 965 a
1261 940 1319 978 pr.
1347 940 1403 966 m.
1445 924 1561 967 Alm.

127 991 287 1032 dedisse.
397 1004 521 1048 putat.
579 993 705 1036 Amb.
750 999 787 1035 1.
831 1008 853 1033 a
882 1010 958 1034 sec.
989 1009 1045 1034 m.
1087 993 1223 1033 Turio.
1254 993 1360 1033 Flor.
1388 1003 1562 1048 putatur.

126 1057 245 1100 Alm.
274 1071 463 1115 puratum.
546 1065 649 1102 omni
675 1061 783 1102 Flor.
812 1061 902 1102 Par.
928 1066 965 1101 1.
998 1064 1199 1110 omittunt,
1230 1064 1403 1101 verisim.
1435 1059 1564 1102 Amb.

129 1131 166 1166 1.
187 1133 226 1167 2.
253 1132 392 1169 omnis.

240 1208 277 1256 §.
309 1207 348 1246 4.
405 1209 638 1260 partiamur.
696 1207 763 1248 Sic
784 1209 906 1247 etiam
935 1204 1061 1248 Amb.
1088 1211 1124 1246 1.
1153 1204 1258 1244 Flor.
1293 1204 1434 1260 Camp.
1487 1223 1565 1260 pa·-

128 1274 210 1311 tior
248 1272 376 1314 Amb.
408 1281 445 1314 2.
502 1277 659 1328 partiar
696 1274 798 1315 Bad.
840 1273 993 1315 Cervic.
1035 1272 1165 1314 Colin.
1210 1270 1365 1326 Gryph.
1477 1291 1565 1315 reor

128 1357 219 1380 esse.
277 1340 403 1382 Amb.
427 1348 463 1382 1.
493 1352 547 1380 est
577 1359 664 1381 esse.
722 1341 829 1382 Flor.
862 1358 942 1380 esse
971 1357 1069 1380 reor.
1126 1339 1235 1380 Sich.
1265 1354 1344 1380 om.
1376 1357 1466 1382 esse.

124 1408 280 1461 probat.
308 1426 396 1461 gen.
444 1408 552 1448 Jens.
585 1418 623 1448 et
653 1410 739 1448 edd.
770 1417 863 1448 ante
894 1406 1049 1461 Gryph.
1080 1424 1120 1460 g.
1145 1425 1210 1462 pr.
1323 1424 1439 1462 neque
1467 1408 1566 1450 ulla.

128 1473 196 1513 Sic
227 1478 347 1514 etiam
378 1473 505 1516 Amb.
528 1481 563 1515 1.
582 1483 621 1516 2.
653 1476 765 1516 Sich.
880 1477 1054 1529 quaestio
1094 1486 1150 1513 est
1179 1491 1285 1529 quae.
1344 1474 1411 1515 Sic
1443 1478 1565 1516 etiam

127 1539 233 1581 Flor.
270 1541 358 1581 Par.
389 1548 426 1582 1.
542 1560 657 1597 neque
693 1560 782 1583 esse.
839 1541 906 1583 Sic
936 1546 1058 1583 efiam
1090 1541 1216 1584 Amb.
1253 1548 1290 1582 1.
1323 1548 1363 1583 2.
1476 1543 1565 1584 loci.

126 1608 254 1649 Amb.
281 1615 316 1648 1.
337 1616 372 1650 2.
402 1610 507 1650 Flor.
542 1610 638 1650 loco.
752 1613 792 1650 ίη
822 1612 886 1649 iis.
946 1610 1086 1664 Camp.
1117 1609 1228 1651 Sich.
1258 1612 1297 1649 in
1321 1610 1395 1650 his.
1452 1609 1562 1652 Jens.

126 1673 225 1716 Loc.
256 1676 361 1716 Ven.
393 1681 592 1717 omittunt·
1142 1672 1143 1675 Ἴ

240 1767 276 1815 §.
307 1770 346 1806 5.
407 1783 473 1805 ncc
504 1767 585 1805 ulla
615 1767 870 1820 corfirmaiio.
928 1762 1054 1805 Amb.
1091 1769 1128 1805 1.
1164 1781 1282 1818 neque
1316 1764 1389 1805 illa
1419 1768 1564 1821 confir-

127 1835 242 1870 mari.
300 1833 403 1872 Flor.
436 1849 458 1872 a
476 1849 533 1885 pr.
554 1848 609 1872 m.
641 1849 708 1872 nec
737 1831 820 1871 ulla
849 1834 1089 1885 confirmari.
1145 1829 1271 1872 Amb.
1291 1839 1329 1872 2.
1358 1833 1468 1873 Sieh.
1498 1851 1564 1874 ne-

128 1916 197 1952 que
226 1898 297 1938 illa
336 1902 593 1955 corfirmaiio.
705 1910 772 1938 aut
813 1914 866 1938 ex
908 1915 1056 1952 conse-q.
1114 1897 1180 1938 Sic
1211 1902 1333 1938 etiam
1365 1900 1490 1942 Amb.
1527 1907 1562 1941 1.

127 1965 234 2005 Flor.
271 1966 360 2006 I'ar.
396 1973 429 2006 1.
462 1973 501 2006 2.
535 1971 573 2007 5.
634 1965 696 2008 At
726 1965 862 2005 Turic-
892 1981 915 2005 a
948 1981 1008 2019 pr.
1042 1980 1096 2004 m.
1139 1965 1267 2005 Amb.
1299 1971 1339 2007 2.
1370 1960 1562 2010 omittunt

129 2050 194 2072 cm.
307 2050 361 2073 ea·
400 2034 696 2088 repugnantibus
742 2033 879 2073 Turio.
921 2048 943 2072 a
981 2049 1039 2085 pr.
1078 2047 1132 2073 m.
1177 2031 1313 2074 Guelf.
1359 2033 1482 2076 Amb.
1520 2042 1561 2077 2.

128 2100 250 2141 Bern.
294 2099 417 2142 Goth.
459 2101 560 2141 Bad.
603 2110 641 2140 et
680 2101 770 2140 edd.
810 2109 902 2140 ante
935 2099 1103 2141 Chouet.
1160 2115 1215 2138 ex
1244 2103 1387 2141 omittit
1417 2101 1558 2157 Camp.

213 2169 307 2208 hacc
345 2185 425 2208 nec.
491 2166 625 2207 Guelf.
666 2166 785 2207 Voss.
825 2173 864 2208 1.
904 2167 1012 2208 Jeus.
1054 2175 1094 2205 et
1131 2168 1220 2207 edd.
1258 2168 1309 2206 ad
1347 2167 1448 2209 Ald.
1486 2170 1560 2211 Ιιοσ

130 2253 209 2277 nec.
322 2237 504 2291 sequenti.
561 2234 692 2274 Etiam
716 2233 841 2274 Amb.
874 2239 912 2274 1.
942 2241 980 2275 2.
1009 2234 1115 2274 Flor.
1147 2237 1471 2289 consequentibus·

130 2321 184 2344 ωε
212 2303 306 2344 alia.
364 2304 491 2346 Amb.
516 2308 549 2342 1.
578 2301 685 2341 Flor.
716 2314 876 2356 quoque
907 2317 961 2340 cx
991 2301 1072 2342 illa.

242 2393 277 2444 ᾗ.
310 2397 346 2431 6.
406 2394 642 2446 reperiuntur
671 2400 737 2429 aut
767 2392 818 2430 ἱη.
875 2388 1002 2431 Amb.
1029 2394 1066 2428 1.
1089 2404 1111 2428 a
1128 2405 1185 2442 pr.
1204 2404 1260 2431 m.
1292 2390 1428 2432 Turio.
1447 2391 1554 2434 Flor.

132 2476 154 2499 a
184 2475 243 2512 pr.
279 2474 334 2498 m.
364 2457 476 2500 Ahn.
507 2457 738 2512 repelluntur
773 2467 841 2497 aut
869 2460 985 2496 etiam
1016 2459 1066 2495 in.
1123 2455 1251 2499 Amb.
1277 2464 1313 2499 1.
1342 2474 1364 2497 a
1391 2475 1469 2500 see.
1498 2475 1556 2501 m.

133 2525 372 2581 raegfi’lluntur.
485 2527 600 2563 etiam
628 2540 753 2577 separ.
810 2523 936 2565 Amb.
967 2529 1004 2563 1.
1034 2538 1055 2563 a
1086 2539 1163 2565 sec.
1190 2540 1245 2564 m.
1275 2525 1410 2566 Turio.
1440 2525 1556 2568 Alm.

131 2596 268 2633 inserr.
288 2603 386 2631 sunt.
494 2607 644 2646 person.
679 2593 855 2645 spectari.
901 2590 1026 2631 Aan.
1054 2595 1091 2630 1.
1117 2606 1139 2630 a
1157 2607 1233 2632 sec.
1252 2607 1308 2633 m,
1348 2596 1464 2634 inser.
1487 2585 1552 2649 φῖ.

216 2670 283 2698 aut
308 2662 350 2697 in
374 2662 475 2713 ipsa.
533 2657 658 2698 Amb.
688 2662 729 2697 1.
756 2656 888 2697 Turio.
917 2661 1045 2697 omitt.
1077 2660 1129 2699 in.
1228 2675 1304 2698 non
1332 2675 1386 2698 em
1416 2659 1550 2702 Guelf.

134 2726 258 2767 Amb.
282 2732 322 2767 2.
354 2729 556 2766 omittunt.
672 2724 776 2765 aliae
793 2725 932 2766 creclib.
979 2723 1113 2765 Guelf.
1142 2722 1262 2767 Amb.
1283 2731 1322 2767 2.
1350 2730 1550 2769 omittunt.
