1775 3091
414 265 468 306 ad
499 264 660 319 Quintil.
691 262 819 305 Instil.
848 261 929 314 IV,
960 268 999 305 ⁵.
1030 262 1296 319 §.12-22.
1493 270 1574 308 229

241 379 280 432 §.
314 384 381 420 17.
440 378 588 419 credar.
646 376 775 421 Amb.
792 384 831 419 2.
861 394 936 417 cre.
1032 375 1223 417 audenda.
1284 374 1420 418 Guelf.
1452 375 1571 419 Voss.

130 452 170 488 3.
202 444 327 489 Amb.
360 452 401 487 2.
440 446 645 486 audienda.
703 443 825 486 Voss.
861 451 900 485 1.
943 455 1028 485 acte
1057 443 1263 484 audienda.
1320 443 1428 485 Flor.
1459 461 1482 485 a
1510 461 1570 500 pr.

127 530 185 554 m.
215 513 459 554 audiendum.
518 513 643 556 Amb.
677 518 716 553 1.
758 516 919 564 siletur,
959 513 1068 568 quod
1092 513 1239 552 indicio
1268 528 1350 553 esse
1381 514 1497 553 debet
1532 523 1573 555 et

127 585 259 636 ipsum
298 583 487 621 exhibere
526 579 756 620 audendum.
831 580 884 620 Et
921 583 1021 620 solet
1060 578 1336 632 Quiutilianus
1376 584 1571 635 impl-Emis

127 665 221 690 cum
257 652 559 702 pronominibus
604 649 843 701 gerundium
872 651 1138 701 conjungere,
1180 663 1255 688 nec
1283 658 1438 689 mutare
1467 650 1570 691 illud

125 719 169 755 111
197 719 465 770 participium.
566 715 763 756 tentanda.
823 714 950 758 Amb.
973 722 1014 756 2.
1048 715 1188 770 Camp.
1219 717 1429 757 temtanda.
1458 717 1571 758 Jens.

124 781 226 824 Loc.
257 781 367 824 Ven.
398 783 634 838 temptanda.
722 784 839 840 effici.
898 783 1035 824 Turio.
1063 783 1190 825 Amb.
1213 789 1249 824 2.
1280 786 1402 841 offici.
1458 785 1568 826 Jens.

125 848 226 891 Loc.
255 849 364 892 Veu.
395 855 548 891 omnino
587 851 655 906 ‘ff
699 866 770 905 pro
801 851 870 906 ‹jffi
900 868 1001 891 omn.
1034 851 1143 892 daut.
1229 863 1402 906 possunt.
1460 852 1570 894 Flor.

125 916 308 960 Amb.2.
334 934 494 973 quoque
515 922 680 973 possint.
738 917 1022 959 Verisimssiter
1051 922 1170 958 etiam
1202 919 1328 961 Amb.
1348 924 1387 960 1.
1475 937 1571 976 quo-

125 988 209 1025 tics.
270 984 394 1026 Goth.
434 984 568 1027 Guelf.
606 986 716 1027 Jens.
759 989 948 1041 quotiens.
1062 987 1160 1039 hac,
1206 986 1252 1026 cle
1281 1003 1373 1042 qua.
1431 986 1569 1029 Turic-

126 1052 222 1093 Ῐιασε
254 1053 300 1092 dc
329 1070 420 1107 qua.
523 1053 627 1110 ficit.
686 1052 828 1102 Guelf.
844 1053 991 1110 fuerit.

239 1124 273 1171 §.
300 1126 366 1161 18.
405 1124 564 1176 quotics.
606 1120 729 1162 Goth.
754 1138 995 1176 consequen&
1082 1122 1380 1177 suspicabimur.
1439 1120 1570 1164 Amb.

129 1193 168 1228 1.
207 1187 523 1243 supplicahimus.
640 1205 664 1228 a
689 1188 834 1242 judice.
894 1188 1030 1230 Turio.
1060 1190 1257 1242 ajudici‚
1309 1204 1401 1228 cum
1440 1189 1569 1231 Amb.

127 1260 191 1307 1.,
241 1259 312 1311 qui
342 1259 463 1295 etiam
492 1272 518 1295 a
547 1259 708 1296 omittit.
825 1255 872 1295 de
903 1273 992 1311 qua.
1053 1256 1189 1297 Turio.
1230 1256 1336 1297 Flor.
1368 1256 1495 1299 Amb.
1527 1263 1570 1299 2.

125 1322 234 1363 Jens.
267 1332 305 1362 et
335 1324 425 1363 edd.
463 1333 553 1363 aute
586 1322 741 1378 Gryph.
785 1339 898 1363 meae
941 1340 1029 1364 exc.
1059 1322 1168 1364 Sich.
1200 1323 1246 1362 de
1279 1340 1369 1379 quo.
1472 1341 1571 1378 pro-

124 1392 337 1430 mittamus.
395 1389 530 1430 TurIc.
559 1395 841 1445 permittamus,
958 1394 1102 1445 agitur.
1162 1390 1291 1432 Amb.
1324 1397 1359 1432 1.
1388 1402 1540 1444 agetur.

237 1462 273 1511 §.
308 1463 374 1499 19.
432 1459 663 1499 verecunda.
721 1459 858 1499 Turio.
889 1455 1016 1500 Amb.
1052 1464 1091 1499 1.
1121 1458 1229 1499 Flor.
1261 1474 1283 1498 a
1305 1475 1364 1512 pr.
1384 1474 1438 1498 m.
1463 1475 1572 1499 vere-

125 1525 283 1566 cundia.
396 1536 432 1565 et
463 1525 631 1566 adversi.
690 1526 757 1568 Sic
789 1529 910 1566 etiam
936 1525 1065 1569 Amb.
1091 1532 1142 1577 1.,
1173 1527 1242 1567 sed
1270 1529 1413 1567 omisso
1434 1537 1470 1566 et
1488 1542 1570 1567 una

124 1609 218 1633 cum
246 1593 384 1634 Turio.
497 1594 757 1649 probationi&
818 1593 941 1635 Goth.
969 1595 1191 1648 probitatis.

238 1663 276 1712 §.
308 1667 377 1702 20.
434 1677 518 1701 nos.
577 1661 713 1702 Turio.
754 1678 838 1702 vOS.
954 1673 989 1701 et
1020 1664 1166 1702 invitis.
1224 1660 1352 1704 Amb.
1383 1667 1420 1702 1.
1451 1665 1571 1704 omit-

123 1731 173 1769 tit
211 1740 262 1769 et.
368 1728 642 1782 judiciariam.
710 1727 847 1769 Guelf.
893 1728 1144 1779 indiciarum.
1270 1728 1570 1784 interpellemur.

126 1796 253 1838 Amb.
276 1802 318 1837 2.
348 1795 640 1849 interpellemus.
754 1795 803 1835 ab
845 1797 908 1834 iis.
967 1794 1073 1835 Flor.
1105 1810 1266 1850 quoque
1295 1810 1318 1834 a
1345 1812 1406 1849 pr.
1436 1812 1491 1837 m.
1520 1798 1570 1836 al>

127 1863 202 1903 his.
312 1864 529 1903 subsistere.
592 1861 725 1902 Guelf.
757 1862 980 1902 substinere.
1094 1862 1318 1902 avertenda.
1375 1863 1479 1904 Flor.
1516 1864 1571 1904 acl

128 1931 396 1970 convertenda.
510 1941 744 1984 surrepetur.
803 1928 930 1971 Amb.
956 1935 998 1971 2.
1029 1929 1267 1984 subrepeiur.
1499 1978 1510 1993 ἱ

240 1999 281 2049 §.
310 2003 379 2039 21.
438 1997 508 2037 Sic
527 2008 698 2051 utraque.
741 1996 882 2051 Camp.
911 1999 948 2036 si
966 2006 1140 2051 utraque.
1217 1997 1385 2051 juvabit.
1427 1996 1569 2054 Camp.

120 2067 337 2120 juvabitur.
421 2065 644 2105 modestiae.
701 2064 809 2105 Flor.
839 2079 862 2104 a
890 2080 969 2104 sec.
1000 2080 1056 2104 m.
1088 2065 1204 2105 Alm.
1235 2064 1364 2106 Amb.
1385 2072 1426 2107 2.
1447 2064 1569 2108 Voss.

129 2139 168 2174 1.
202 2139 242 2174 3.
285 2132 399 2174 Sich.
438 2132 563 2173 Basa.
603 2131 833 2184 modestior,
890 2147 994 2187 quae
1040 2132 1131 2172 edd.
1180 2132 1334 2174 addunt
1382 2150 1432 2174 ac
1475 2142 1569 2174 ante

126 2203 323 2241 attentior.

239 2270 276 2320 ξ.
303 2274 374 2309 22.
429 2278 498 2306 aut
533 2266 642 2306 utilis
679 2268 810 2307 etiam.
866 2264 934 2307 Sic
968 2269 1088 2307 etiam
1115 2266 1223 2307 Flor.
1280 2265 1344 2310 At
1374 2266 1498 2308 Goth.
1527 2275 1568 2308 et

130 2335 220 2375 edd.
262 2350 284 2374 a
323 2335 425 2375 Bad.
466 2335 517 2374 ad
549 2333 706 2388 Gryph.
738 2350 787 2374 ac
814 2344 868 2374 ut.
898 2351 931 2374 e.
1043 2334 1170 2374 solum
1196 2333 1253 2374 id.
1310 2335 1399 2375 Hoc
1428 2335 1569 2375 ordine

130 2405 251 2441 etiam
280 2401 407 2443 Amb.
426 2407 465 2442 1.
488 2408 528 2442 2.
557 2401 665 2442 Flor.
692 2400 782 2441 Par.
807 2406 843 2441 1.
863 2408 903 2442 2.
927 2407 966 2442 3.
1057 2418 1155 2456 quae
1183 2402 1381 2442 dicuntur.
1427 2400 1565 2442 Turio.

129 2482 153 2507 a
182 2484 241 2522 pr.
273 2485 327 2508 m.
365 2472 512 2508 omittit
548 2485 657 2522 quae.
769 2483 824 2508 ex
853 2470 980 2508 turba.
1041 2468 1165 2510 Goth.
1196 2486 1217 2508 e
1245 2470 1374 2509 turba.
1487 2485 1567 2511 ex-

129 2538 282 2576 tractis.
342 2533 476 2575 Guelf.
509 2538 679 2576 etr-actis.
753 2583 756 2587 ἡ
792 2547 909 2577 certo.
969 2536 1135 2578 Omittit
1161 2535 1290 2578 Amb.
1312 2543 1352 2577 2.
1381 2536 1499 2577 Voss.
1522 2542 1564 2580 3.

212 2601 467 2656 singularum.
525 2600 646 2643 Voss.
677 2607 718 2643 2.
756 2602 865 2645 Jens.
905 2603 1174 2658 singularium.
1288 2604 1403 2644 aliter
1434 2620 1563 2659 quam.

176 2668 312 2709 Turio.
333 2669 466 2718 Flor.,
505 2678 671 2726 uterque
718 2685 742 2711 a
777 2687 836 2727 pr.
876 2687 932 2714 m.
973 2671 1029 2712 al.
1067 2688 1192 2727 quem.
1275 2695 1281 2700 ·
1295 2671 1562 2730 facientibus·

131 2735 265 2778 Turio.
283 2736 534 2795 sarientibus.
