<?xml version="1.0" encoding="UTF-8"?>
<!DOCTYPE html PUBLIC "-//W3C//DTD XHTML 1.0 Transitional//EN"
    "http://www.w3.org/TR/xhtml1/DTD/xhtml1-transitional.dtd">
<html xmlns="http://www.w3.org/1999/xhtml" xml:lang="en" lang="en">
 <head>
  <title>
</title>
<meta http-equiv="Content-Type" content="text/html;charset=utf-8" />
  <meta name='ocr-system' content='tesseract 3.04.00' />
  <meta name='ocr-capabilities' content='ocr_page ocr_carea ocr_par ocr_line ocrx_word'/>
</head>
<body>
  <div class='ocr_page' id='page_1' title='image "./lexiconquintilia05bonnuoft_0312.png"; bbox 0 0 1775 3091; ppageno 0'>
   <div class='ocr_carea' id='block_1_1' title="bbox 197 219 1191 275">
    <p class='ocr_par' dir='ltr' id='par_1_1' title="bbox 197 219 1191 275">
     <span class='ocr_line' id='line_1_1' title="bbox 197 219 1191 275; baseline 0.003 -17"><span class='ocrx_word' id='word_1_1' title='bbox 197 219 279 258; x_wconf 78' lang='lat'><em>264</em></span> <span class='ocrx_word' id='word_1_2' title='bbox 634 220 905 275; x_wconf 81' lang='lat' dir='ltr'><em>Supplementa</em></span> <span class='ocrx_word' id='word_1_3' title='bbox 933 225 1191 262; x_wconf 73' lang='lat' dir='ltr'><em>annotationis</em></span> 
     </span>
    </p>
   </div>
   <div class='ocr_carea' id='block_1_2' title="bbox 201 330 1631 578">
    <p class='ocr_par' dir='ltr' id='par_1_2' title="bbox 201 330 1627 385">
     <span class='ocr_line' id='line_1_2' title="bbox 201 330 1627 385; baseline 0.005 -15"><span class='ocrx_word' id='word_1_4' title='bbox 201 333 405 385; x_wconf 79' lang='lat' dir='ltr'><em>virginum.</em></span> <span class='ocrx_word' id='word_1_5' title='bbox 520 343 555 371; x_wconf 79' lang='lat' dir='ltr'><em>ct</em></span> <span class='ocrx_word' id='word_1_6' title='bbox 592 342 753 384; x_wconf 76' lang='lat' dir='ltr'><em>strages.</em></span> <span class='ocrx_word' id='word_1_7' title='bbox 788 330 948 372; x_wconf 82' lang='lat' dir='ltr'><em>·Guelf.</em></span> <span class='ocrx_word' id='word_1_8' title='bbox 988 331 1112 373; x_wconf 80' lang='lat' dir='ltr'><em>Amb.</em></span> <span class='ocrx_word' id='word_1_9' title='bbox 1155 338 1194 375; x_wconf 89' lang='grc'><em>2.</em></span> <span class='ocrx_word' id='word_1_10' title='bbox 1233 334 1351 376; x_wconf 89' lang='lat' dir='ltr'><em>Voss.</em></span> <span class='ocrx_word' id='word_1_11' title='bbox 1385 341 1423 375; x_wconf 89' lang='lat'><em>1.</em></span> <span class='ocrx_word' id='word_1_12' title='bbox 1457 339 1627 378; x_wconf 62' lang='lat' dir='ltr'><em>omittit.</em></span> 
     </span>
    </p>

    <p class='ocr_par' dir='ltr' id='par_1_3' title="bbox 201 397 1631 578">
     <span class='ocr_line' id='line_1_3' title="bbox 289 397 1626 454; baseline 0.006 -17"><span class='ocrx_word' id='word_1_13' title='bbox 289 398 383 438; x_wconf 58' lang='lat' dir='ltr'><em>Est.</em></span> <span class='ocrx_word' id='word_1_14' title='bbox 426 397 545 439; x_wconf 83' lang='lat' dir='ltr'><em>Goth.</em></span> <span class='ocrx_word' id='word_1_15' title='bbox 576 413 656 438; x_wconf 88' lang='lat' dir='ltr'><em>om.</em></span> <span class='ocrx_word' id='word_1_16' title='bbox 741 398 805 437; x_wconf 75' lang='lat' dir='ltr'><em>hic</em></span> <span class='ocrx_word' id='word_1_17' title='bbox 833 416 975 454; x_wconf 81' lang='lat' dir='ltr'><em>quoque</em></span> <span class='ocrx_word' id='word_1_18' title='bbox 1003 417 1088 454; x_wconf 78' lang='lat' dir='ltr'><em>arg.</em></span> <span class='ocrx_word' id='word_1_19' title='bbox 1138 399 1262 448; x_wconf 80' lang='lat' dir='ltr'><em>Amb.</em></span> <span class='ocrx_word' id='word_1_20' title='bbox 1288 408 1326 442; x_wconf 88' lang='lat'><em>1.</em></span> <span class='ocrx_word' id='word_1_21' title='bbox 1357 403 1462 443; x_wconf 84' lang='lat' dir='ltr'><em>Flor.</em></span> <span class='ocrx_word' id='word_1_22' title='bbox 1493 402 1626 451; x_wconf 82' lang='lat' dir='ltr'><em>Guelf.</em></span> 
     </span>
     <span class='ocr_line' id='line_1_4' title="bbox 204 463 1631 524; baseline 0.004 -20"><span class='ocrx_word' id='word_1_23' title='bbox 204 463 327 506; x_wconf 80' lang='lat' dir='ltr'><em>Goth.</em></span> <span class='ocrx_word' id='word_1_24' title='bbox 358 468 446 506; x_wconf 68' lang='lat' dir='ltr'><em>hinc</em></span> <span class='ocrx_word' id='word_1_25' title='bbox 475 482 560 518; x_wconf 77' lang='lat' dir='ltr'><em>arg.</em></span> <span class='ocrx_word' id='word_1_26' title='bbox 592 481 747 518; x_wconf 80' lang='lat' dir='ltr'><em>quoque.</em></span> <span class='ocrx_word' id='word_1_27' title='bbox 848 479 1170 520; x_wconf 60' lang='lat' dir='ltr'><em>argumentorum.</em></span> <span class='ocrx_word' id='word_1_28' title='bbox 1221 469 1330 509; x_wconf 83' lang='lat' dir='ltr'><em>Jens.</em></span> <span class='ocrx_word' id='word_1_29' title='bbox 1360 469 1479 511; x_wconf 83' lang='lat' dir='ltr'><em>Tarv.</em></span> <span class='ocrx_word' id='word_1_30' title='bbox 1511 487 1631 524; x_wconf 78' lang='lat' dir='ltr'><em>argu-</em></span> 
     </span>
     <span class='ocr_line' id='line_1_5' title="bbox 201 532 1354 578; baseline 0.005 -6"><span class='ocrx_word' id='word_1_31' title='bbox 201 544 380 573; x_wconf 82' lang='lat' dir='ltr'><em>mentum.</em></span> <span class='ocrx_word' id='word_1_32' title='bbox 471 532 577 570; x_wconf 79' lang='lat' dir='ltr'><em>locus</em></span> <span class='ocrx_word' id='word_1_33' title='bbox 606 534 779 574; x_wconf 80' lang='lat' dir='ltr'><em>invicem.</em></span> <span class='ocrx_word' id='word_1_34' title='bbox 827 533 962 575; x_wconf 76' lang='lat' dir='ltr'><em>Turio.</em></span> <span class='ocrx_word' id='word_1_35' title='bbox 993 536 1100 576; x_wconf 83' lang='lat' dir='ltr'><em>Flor.</em></span> <span class='ocrx_word' id='word_1_36' title='bbox 1131 540 1270 577; x_wconf 87' lang='lat' dir='ltr'><em>inserr.</em></span> <span class='ocrx_word' id='word_1_37' title='bbox 1301 540 1354 578; x_wconf 84' lang='lat' dir='ltr'><em>in.</em></span> 
     </span>
    </p>
   </div>
   <div class='ocr_carea' id='block_1_3' title="bbox 198 598 1631 977">
    <p class='ocr_par' dir='ltr' id='par_1_4' title="bbox 198 598 1631 977">
     <span class='ocr_line' id='line_1_6' title="bbox 312 598 1630 652; baseline 0.005 -13"><span class='ocrx_word' id='word_1_38' title='bbox 312 602 349 652; x_wconf 58' lang='grc' dir='ltr'><em>ᾧ.</em></span> <span class='ocrx_word' id='word_1_39' title='bbox 378 605 446 640; x_wconf 88' lang='grc'><em>72.</em></span> <span class='ocrx_word' id='word_1_40' title='bbox 502 598 629 638; x_wconf 77' lang='lat' dir='ltr'><em>Simil.</em></span> <span class='ocrx_word' id='word_1_41' title='bbox 661 616 728 640; x_wconf 77' lang='lat' dir='ltr'><em>ex.</em></span> <span class='ocrx_word' id='word_1_42' title='bbox 779 601 845 641; x_wconf 79' lang='lat' dir='ltr'><em>Sic</em></span> <span class='ocrx_word' id='word_1_43' title='bbox 875 606 996 642; x_wconf 79' lang='lat' dir='ltr'><em>etlam</em></span> <span class='ocrx_word' id='word_1_44' title='bbox 1021 601 1145 645; x_wconf 85' lang='lat' dir='ltr'><em>Amb.</em></span> <span class='ocrx_word' id='word_1_45' title='bbox 1174 610 1212 644; x_wconf 86' lang='lat'><em>1.</em></span> <span class='ocrx_word' id='word_1_46' title='bbox 1233 611 1273 645; x_wconf 85' lang='lat'><em>2.</em></span> <span class='ocrx_word' id='word_1_47' title='bbox 1303 604 1394 645; x_wconf 80' lang='lat' dir='ltr'><em>Par.</em></span> <span class='ocrx_word' id='word_1_48' title='bbox 1418 610 1519 646; x_wconf 51' lang='lat'><em>1.›2.</em></span> <span class='ocrx_word' id='word_1_49' title='bbox 1576 610 1630 645; x_wconf 78' lang='lat' dir='ltr'><em>ex</em></span> 
     </span>
     <span class='ocr_line' id='line_1_7' title="bbox 202 665 1631 726; baseline 0.003 -19"><span class='ocrx_word' id='word_1_50' title='bbox 202 669 390 707; x_wconf 70' lang='lat' dir='ltr'><em>omittunt</em></span> <span class='ocrx_word' id='word_1_51' title='bbox 415 666 522 707; x_wconf 84' lang='lat' dir='ltr'><em>Jens.</em></span> <span class='ocrx_word' id='word_1_52' title='bbox 552 665 670 708; x_wconf 84' lang='lat' dir='ltr'><em>Tarv.</em></span> <span class='ocrx_word' id='word_1_53' title='bbox 726 666 784 709; x_wconf 88' lang='lat' dir='ltr'><em>At</em></span> <span class='ocrx_word' id='word_1_54' title='bbox 816 669 928 710; x_wconf 79' lang='lat' dir='ltr'><em>Sich.</em></span> <span class='ocrx_word' id='word_1_55' title='bbox 949 686 1107 726; x_wconf 84' lang='lat' dir='ltr'><em>quoque</em></span> <span class='ocrx_word' id='word_1_56' title='bbox 1128 681 1163 709; x_wconf 83' lang='lat' dir='ltr'><em>et</em></span> <span class='ocrx_word' id='word_1_57' title='bbox 1182 674 1335 711; x_wconf 82' lang='lat' dir='ltr'><em>inserit.</em></span> <span class='ocrx_word' id='word_1_58' title='bbox 1421 675 1459 711; x_wconf 89' lang='lat' dir='ltr'><em>in</em></span> <span class='ocrx_word' id='word_1_59' title='bbox 1482 683 1631 711; x_wconf 71' lang='lat' dir='ltr'><em>utram-</em></span> 
     </span>
     <span class='ocr_line' id='line_1_8' title="bbox 201 734 1629 789; baseline 0.004 -16"><span class='ocrx_word' id='word_1_60' title='bbox 201 751 271 789; x_wconf 85' lang='lat' dir='ltr'><em>que</em></span> <span class='ocrx_word' id='word_1_61' title='bbox 296 745 460 788; x_wconf 79' lang='lat' dir='ltr'><em>partem.</em></span> <span class='ocrx_word' id='word_1_62' title='bbox 508 734 618 774; x_wconf 84' lang='lat' dir='ltr'><em>Haec</em></span> <span class='ocrx_word' id='word_1_63' title='bbox 651 739 796 777; x_wconf 81' lang='lat' dir='ltr'><em>omittit</em></span> <span class='ocrx_word' id='word_1_64' title='bbox 823 736 945 778; x_wconf 82' lang='lat' dir='ltr'><em>Aan.</em></span> <span class='ocrx_word' id='word_1_65' title='bbox 968 744 1007 778; x_wconf 89' lang='lat'><em>1.</em></span> <span class='ocrx_word' id='word_1_66' title='bbox 1105 749 1180 778; x_wconf 84' lang='lat' dir='ltr'><em>rat.</em></span> <span class='ocrx_word' id='word_1_67' title='bbox 1214 742 1269 778; x_wconf 79' lang='grc' dir='ltr'><em>νεὶ</em></span> <span class='ocrx_word' id='word_1_68' title='bbox 1298 756 1395 779; x_wconf 86' lang='lat' dir='ltr'><em>cum.</em></span> <span class='ocrx_word' id='word_1_69' title='bbox 1443 737 1565 780; x_wconf 84' lang='lat' dir='ltr'><em>Amb.</em></span> <span class='ocrx_word' id='word_1_70' title='bbox 1591 745 1629 779; x_wconf 86' lang='lat'><em>1.</em></span> 
     </span>
     <span class='ocr_line' id='line_1_9' title="bbox 200 801 1628 855; baseline 0.005 -15"><span class='ocrx_word' id='word_1_71' title='bbox 200 801 305 841; x_wconf 86' lang='lat' dir='ltr'><em>Flor.</em></span> <span class='ocrx_word' id='word_1_72' title='bbox 337 816 493 855; x_wconf 83' lang='lat' dir='ltr'><em>quoque</em></span> <span class='ocrx_word' id='word_1_73' title='bbox 526 805 581 841; x_wconf 84' lang='lat' dir='ltr'><em>rei</em></span> <span class='ocrx_word' id='word_1_74' title='bbox 611 806 712 843; x_wconf 83' lang='lat' dir='ltr'><em>ratio</em></span> <span class='ocrx_word' id='word_1_75' title='bbox 742 822 839 845; x_wconf 88' lang='lat' dir='ltr'><em>cum.</em></span> <span class='ocrx_word' id='word_1_76' title='bbox 955 815 1141 845; x_wconf 78' lang='lat' dir='ltr'><em>tractatu.</em></span> <span class='ocrx_word' id='word_1_77' title='bbox 1187 803 1310 846; x_wconf 87' lang='lat' dir='ltr'><em>Amb.</em></span> <span class='ocrx_word' id='word_1_78' title='bbox 1334 811 1373 846; x_wconf 89' lang='lat'><em>1.</em></span> <span class='ocrx_word' id='word_1_79' title='bbox 1405 816 1628 847; x_wconf 77' lang='lat' dir='ltr'><em>tractatum.</em></span> 
     </span>
     <span class='ocr_line' id='line_1_10' title="bbox 201 866 1630 927; baseline 0.003 -19"><span class='ocrx_word' id='word_1_80' title='bbox 201 866 340 921; x_wconf 87' lang='lat' dir='ltr'><em>Camp.</em></span> <span class='ocrx_word' id='word_1_81' title='bbox 362 880 504 910; x_wconf 70' lang='lat' dir='ltr'><em>tractu.</em></span> <span class='ocrx_word' id='word_1_82' title='bbox 590 870 659 910; x_wconf 86' lang='lat' dir='ltr'><em>An</em></span> <span class='ocrx_word' id='word_1_83' title='bbox 688 874 723 910; x_wconf 90' lang='lat' dir='ltr'><em>ei</em></span> <span class='ocrx_word' id='word_1_84' title='bbox 752 872 898 912; x_wconf 74' lang='lat' dir='ltr'><em>caedes.</em></span> <span class='ocrx_word' id='word_1_85' title='bbox 946 870 1069 912; x_wconf 87' lang='lat' dir='ltr'><em>Amb.</em></span> <span class='ocrx_word' id='word_1_86' title='bbox 1093 877 1132 912; x_wconf 89' lang='lat'><em>1.</em></span> <span class='ocrx_word' id='word_1_87' title='bbox 1162 871 1269 913; x_wconf 90' lang='lat' dir='ltr'><em>Flor.</em></span> <span class='ocrx_word' id='word_1_88' title='bbox 1291 888 1311 912; x_wconf 83' lang='lat' dir='ltr'><em>a</em></span> <span class='ocrx_word' id='word_1_89' title='bbox 1331 888 1390 926; x_wconf 85' lang='lat' dir='ltr'><em>pr.</em></span> <span class='ocrx_word' id='word_1_90' title='bbox 1411 889 1466 914; x_wconf 89' lang='lat' dir='ltr'><em>m.</em></span> <span class='ocrx_word' id='word_1_91' title='bbox 1490 872 1630 927; x_wconf 84' lang='lat' dir='ltr'><em>Camp.</em></span> 
     </span>
     <span class='ocr_line' id='line_1_11' title="bbox 198 939 461 977; baseline 0 -1"><span class='ocrx_word' id='word_1_92' title='bbox 198 939 387 976; x_wconf 83' lang='lat' dir='ltr'><em>omittunt</em></span> <span class='ocrx_word' id='word_1_93' title='bbox 415 940 461 977; x_wconf 85' lang='lat' dir='ltr'><em>ei.</em></span> 
     </span>
    </p>
   </div>
   <div class='ocr_carea' id='block_1_4' title="bbox 197 1014 1632 1138">
    <p class='ocr_par' dir='ltr' id='par_1_5' title="bbox 197 1014 1632 1138">
     <span class='ocr_line' id='line_1_12' title="bbox 309 1014 1630 1070; baseline 0.004 -17"><span class='ocrx_word' id='word_1_94' title='bbox 309 1016 344 1067; x_wconf 83' lang='lat'><em>§.</em></span> <span class='ocrx_word' id='word_1_95' title='bbox 376 1021 445 1056; x_wconf 83' lang='lat'><em>73.</em></span> <span class='ocrx_word' id='word_1_96' title='bbox 502 1018 645 1063; x_wconf 83' lang='lat' dir='ltr'><em>virtus,</em></span> <span class='ocrx_word' id='word_1_97' title='bbox 685 1018 813 1069; x_wconf 77' lang='lat' dir='ltr'><em>utique</em></span> <span class='ocrx_word' id='word_1_98' title='bbox 845 1026 893 1056; x_wconf 74' lang='lat' dir='ltr'><em>ct.</em></span> <span class='ocrx_word' id='word_1_99' title='bbox 951 1014 1073 1056; x_wconf 88' lang='lat' dir='ltr'><em>Amb.</em></span> <span class='ocrx_word' id='word_1_100' title='bbox 1097 1022 1136 1058; x_wconf 84' lang='lat'><em>1.</em></span> <span class='ocrx_word' id='word_1_101' title='bbox 1167 1020 1291 1057; x_wconf 74' lang='lat' dir='ltr'><em>utrius</em></span> <span class='ocrx_word' id='word_1_102' title='bbox 1321 1030 1396 1070; x_wconf 81' lang='lat' dir='ltr'><em>et,¹</em></span> <span class='ocrx_word' id='word_1_103' title='bbox 1421 1033 1443 1058; x_wconf 86' lang='lat' dir='ltr'><em>a</em></span> <span class='ocrx_word' id='word_1_104' title='bbox 1467 1033 1545 1058; x_wconf 78' lang='lat' dir='ltr'><em>sec.</em></span> <span class='ocrx_word' id='word_1_105' title='bbox 1573 1032 1630 1058; x_wconf 85' lang='lat' dir='ltr'><em>m.</em></span> 
     </span>
     <span class='ocr_line' id='line_1_13' title="bbox 197 1081 1632 1138; baseline 0.003 -19"><span class='ocrx_word' id='word_1_106' title='bbox 197 1083 322 1120; x_wconf 65' lang='lat' dir='ltr'><em>virtus</em></span> <span class='ocrx_word' id='word_1_107' title='bbox 348 1093 394 1123; x_wconf 80' lang='lat' dir='ltr'><em>et.</em></span> <span class='ocrx_word' id='word_1_108' title='bbox 447 1082 583 1123; x_wconf 74' lang='lat' dir='ltr'><em>Turio.</em></span> <span class='ocrx_word' id='word_1_109' title='bbox 616 1083 722 1123; x_wconf 78' lang='lat' dir='ltr'><em>Flor.</em></span> <span class='ocrx_word' id='word_1_110' title='bbox 755 1081 867 1123; x_wconf 86' lang='lat' dir='ltr'><em>Alm.</em></span> <span class='ocrx_word' id='word_1_111' title='bbox 899 1087 1092 1138; x_wconf 74' lang='lat' dir='ltr'><em>utriusque</em></span> <span class='ocrx_word' id='word_1_112' title='bbox 1119 1096 1167 1125; x_wconf 79' lang='lat' dir='ltr'><em>et.</em></span> <span class='ocrx_word' id='word_1_113' title='bbox 1215 1085 1333 1126; x_wconf 87' lang='lat' dir='ltr'><em>Voss.</em></span> <span class='ocrx_word' id='word_1_114' title='bbox 1353 1092 1394 1127; x_wconf 84' lang='grc'><em>2.</em></span> <span class='ocrx_word' id='word_1_115' title='bbox 1428 1088 1542 1124; x_wconf 79' lang='lat' dir='ltr'><em>etiam</em></span> <span class='ocrx_word' id='word_1_116' title='bbox 1560 1099 1632 1138; x_wconf 84' lang='lat' dir='ltr'><em>pro</em></span> 
     </span>
    </p>
   </div>
   <div class='ocr_carea' id='block_1_5' title="bbox 198 1149 1633 1322">
    <p class='ocr_par' dir='ltr' id='par_1_6' title="bbox 198 1149 1633 1322">
     <span class='ocr_line' id='line_1_14' title="bbox 198 1149 1633 1194; baseline 0.003 -8"><span class='ocrx_word' id='word_1_117' title='bbox 198 1159 234 1186; x_wconf 78' lang='lat' dir='ltr'><em>et</em></span> <span class='ocrx_word' id='word_1_118' title='bbox 261 1149 393 1189; x_wconf 77' lang='lat' dir='ltr'><em>habet.</em></span> <span class='ocrx_word' id='word_1_119' title='bbox 484 1151 729 1190; x_wconf 72' lang='lat' dir='ltr'><em>abstinentia.</em></span> <span class='ocrx_word' id='word_1_120' title='bbox 778 1150 902 1191; x_wconf 83' lang='lat' dir='ltr'><em>Amb.</em></span> <span class='ocrx_word' id='word_1_121' title='bbox 931 1157 968 1191; x_wconf 89' lang='lat'><em>1.</em></span> <span class='ocrx_word' id='word_1_122' title='bbox 1001 1152 1186 1193; x_wconf 78' lang='lat' dir='ltr'><em>absentia.</em></span> <span class='ocrx_word' id='word_1_123' title='bbox 1283 1154 1403 1194; x_wconf 73' lang='lat' dir='ltr'><em>(lebet.</em></span> <span class='ocrx_word' id='word_1_124' title='bbox 1453 1152 1562 1193; x_wconf 85' lang='lat' dir='ltr'><em>Jens.</em></span> <span class='ocrx_word' id='word_1_125' title='bbox 1593 1160 1633 1191; x_wconf 83' lang='lat' dir='ltr'><em>et</em></span> 
     </span>
     <span class='ocr_line' id='line_1_15' title="bbox 198 1216 1631 1273; baseline 0.002 -19"><span class='ocrx_word' id='word_1_126' title='bbox 198 1216 288 1256; x_wconf 87' lang='lat' dir='ltr'><em>edd.</em></span> <span class='ocrx_word' id='word_1_127' title='bbox 320 1227 411 1257; x_wconf 83' lang='lat' dir='ltr'><em>aute</em></span> <span class='ocrx_word' id='word_1_128' title='bbox 440 1216 537 1258; x_wconf 83' lang='lat' dir='ltr'><em>Ald.</em></span> <span class='ocrx_word' id='word_1_129' title='bbox 569 1220 644 1259; x_wconf 73' lang='lat' dir='ltr'><em>dei.</em></span> <span class='ocrx_word' id='word_1_130' title='bbox 750 1229 854 1258; x_wconf 76' lang='lat' dir='ltr'><em>tutor</em></span> <span class='ocrx_word' id='word_1_131' title='bbox 883 1230 916 1257; x_wconf 77' lang='lat' dir='ltr'><em>et</em></span> <span class='ocrx_word' id='word_1_132' title='bbox 947 1231 1194 1273; x_wconf 80' lang='lat' dir='ltr'><em>procurator.</em></span> <span class='ocrx_word' id='word_1_133' title='bbox 1240 1219 1368 1261; x_wconf 77' lang='lat' dir='ltr'><em>Aan.</em></span> <span class='ocrx_word' id='word_1_134' title='bbox 1393 1225 1432 1260; x_wconf 85' lang='lat'><em>1.</em></span> <span class='ocrx_word' id='word_1_135' title='bbox 1464 1230 1631 1259; x_wconf 79' lang='lat' dir='ltr'><em>tutorum</em></span> 
     </span>
     <span class='ocr_line' id='line_1_16' title="bbox 1309 1301 1331 1322; baseline 0 0"><span class='ocrx_word' id='word_1_136' title='bbox 1309 1301 1331 1322; x_wconf 84' lang='grc' dir='ltr'><strong><em>κ</em></strong></span> 
     </span>
    </p>
   </div>
   <div class='ocr_carea' id='block_1_6' title="bbox 195 1329 1634 2134">
    <p class='ocr_par' dir='ltr' id='par_1_7' title="bbox 197 1329 1630 1388">
     <span class='ocr_line' id='line_1_17' title="bbox 197 1329 1630 1388; baseline 0.001 -19"><span class='ocrx_word' id='word_1_137' title='bbox 197 1340 233 1369; x_wconf 86' lang='lat' dir='ltr'><em>et</em></span> <span class='ocrx_word' id='word_1_138' title='bbox 259 1345 569 1383; x_wconf 78' lang='lat' dir='ltr'><em>procuratorum.</em></span> <span class='ocrx_word' id='word_1_139' title='bbox 657 1329 879 1386; x_wconf 60' lang='grc' dir='ltr'><strong>ἔπαγωγήν.</strong></span> <span class='ocrx_word' id='word_1_140' title='bbox 922 1329 1046 1372; x_wconf 82' lang='lat' dir='ltr'><em>Amb.</em></span> <span class='ocrx_word' id='word_1_141' title='bbox 1071 1337 1108 1373; x_wconf 86' lang='lat'><em>1.</em></span> <span class='ocrx_word' id='word_1_142' title='bbox 1137 1349 1353 1388; x_wconf 75' lang='grc' dir='ltr'><em>επαρογιην</em></span> <span class='ocrx_word' id='word_1_143' title='bbox 1390 1332 1437 1387; x_wconf 83' lang='grc' dir='ltr'><em>(κ</em></span> <span class='ocrx_word' id='word_1_144' title='bbox 1465 1347 1543 1372; x_wconf 84' lang='lat' dir='ltr'><em>sec.</em></span> <span class='ocrx_word' id='word_1_145' title='bbox 1573 1346 1630 1371; x_wconf 88' lang='lat' dir='ltr'><em>m.</em></span> 
     </span>
    </p>

    <p class='ocr_par' dir='ltr' id='par_1_8' title="bbox 195 1397 1630 1454">
     <span class='ocr_line' id='line_1_18' title="bbox 195 1397 1630 1454; baseline 0.001 -17"><span class='ocrx_word' id='word_1_146' title='bbox 195 1400 504 1452; x_wconf 81' lang='lat' dir='ltr'><strong>superscripsit).</strong></span> <span class='ocrx_word' id='word_1_147' title='bbox 614 1399 686 1438; x_wconf 61' lang='lat' dir='ltr'><em>Ea:</em></span> <span class='ocrx_word' id='word_1_148' title='bbox 726 1400 872 1440; x_wconf 77' lang='lat' dir='ltr'><em>(lissim.</em></span> <span class='ocrx_word' id='word_1_149' title='bbox 930 1398 1053 1439; x_wconf 83' lang='lat' dir='ltr'><em>Amb.</em></span> <span class='ocrx_word' id='word_1_150' title='bbox 1095 1405 1133 1439; x_wconf 84' lang='lat'><em>1.</em></span> <span class='ocrx_word' id='word_1_151' title='bbox 1176 1400 1222 1439; x_wconf 73' lang='lat' dir='ltr'><em>(le</em></span> <span class='ocrx_word' id='word_1_152' title='bbox 1261 1401 1354 1440; x_wconf 76' lang='lat' dir='ltr'><em>diss.</em></span> <span class='ocrx_word' id='word_1_153' title='bbox 1466 1397 1630 1454; x_wconf 78' lang='lat' dir='ltr'><em>pupillo.</em></span> 
     </span>
    </p>

    <p class='ocr_par' dir='ltr' id='par_1_9' title="bbox 195 1463 1631 1590">
     <span class='ocr_line' id='line_1_19' title="bbox 195 1463 1631 1519; baseline 0.001 -15"><span class='ocrx_word' id='word_1_154' title='bbox 195 1463 318 1505; x_wconf 84' lang='lat' dir='ltr'><em>Amb.</em></span> <span class='ocrx_word' id='word_1_155' title='bbox 342 1471 378 1505; x_wconf 84' lang='lat'><em>1.</em></span> <span class='ocrx_word' id='word_1_156' title='bbox 399 1472 437 1506; x_wconf 84' lang='lat'><em>2.</em></span> <span class='ocrx_word' id='word_1_157' title='bbox 469 1467 575 1506; x_wconf 86' lang='lat' dir='ltr'><em>Flor.</em></span> <span class='ocrx_word' id='word_1_158' title='bbox 606 1466 768 1519; x_wconf 78' lang='lat' dir='ltr'><em>popilio.</em></span> <span class='ocrx_word' id='word_1_159' title='bbox 885 1469 995 1506; x_wconf 82' lang='lat' dir='ltr'><em>enim.</em></span> <span class='ocrx_word' id='word_1_160' title='bbox 1047 1465 1186 1519; x_wconf 84' lang='lat' dir='ltr'><em>Camp.</em></span> <span class='ocrx_word' id='word_1_161' title='bbox 1217 1466 1335 1507; x_wconf 85' lang='lat' dir='ltr'><em>Voss.</em></span> <span class='ocrx_word' id='word_1_162' title='bbox 1357 1472 1396 1506; x_wconf 89' lang='lat'><em>1.</em></span> <span class='ocrx_word' id='word_1_163' title='bbox 1428 1470 1631 1506; x_wconf 79' lang='lat' dir='ltr'><em>omittunt.</em></span> 
     </span>
     <span class='ocr_line' id='line_1_20' title="bbox 279 1532 1161 1590; baseline -0.001 -18"><span class='ocrx_word' id='word_1_164' title='bbox 279 1533 496 1587; x_wconf 59' lang='lat' dir='ltr'><em>inlprlldel‘l&amp;</em></span> <span class='ocrx_word' id='word_1_165' title='bbox 523 1533 633 1590; x_wconf 59' lang='lat' dir='ltr'><em>prff</em></span> <span class='ocrx_word' id='word_1_166' title='bbox 688 1532 826 1585; x_wconf 63' lang='lat' dir='ltr'><em>calnpn</em></span> <span class='ocrx_word' id='word_1_167' title='bbox 853 1532 1026 1583; x_wconf 68' lang='lat' dir='ltr'><em>PI&#39;lLdL&#39;llS</em></span> <span class='ocrx_word' id='word_1_168' title='bbox 1052 1533 1161 1589; x_wconf 61' lang='lat' dir='ltr'><strong><em>PPQf:</em></strong></span> 
     </span>
    </p>

    <p class='ocr_par' dir='ltr' id='par_1_10' title="bbox 198 1610 1631 1866">
     <span class='ocr_line' id='line_1_21' title="bbox 310 1610 1630 1666; baseline -0.002 -14"><span class='ocrx_word' id='word_1_169' title='bbox 310 1614 344 1663; x_wconf 59' lang='grc' dir='ltr'><em>ς.</em></span> <span class='ocrx_word' id='word_1_170' title='bbox 376 1614 444 1652; x_wconf 81' lang='grc'><em>74.</em></span> <span class='ocrx_word' id='word_1_171' title='bbox 500 1611 772 1666; x_wconf 72' lang='lat' dir='ltr'><em>pugnantibus.</em></span> <span class='ocrx_word' id='word_1_172' title='bbox 827 1610 894 1650; x_wconf 78' lang='lat' dir='ltr'><em>Sic</em></span> <span class='ocrx_word' id='word_1_173' title='bbox 920 1614 1038 1650; x_wconf 76' lang='lat' dir='ltr'><em>etiam</em></span> <span class='ocrx_word' id='word_1_174' title='bbox 1070 1610 1193 1651; x_wconf 82' lang='lat' dir='ltr'><em>Amb.</em></span> <span class='ocrx_word' id='word_1_175' title='bbox 1220 1616 1258 1652; x_wconf 82' lang='lat'><em>1.</em></span> <span class='ocrx_word' id='word_1_176' title='bbox 1286 1611 1391 1652; x_wconf 86' lang='lat' dir='ltr'><em>Flor.</em></span> <span class='ocrx_word' id='word_1_177' title='bbox 1435 1626 1457 1650; x_wconf 85' lang='lat' dir='ltr'><em>a</em></span> <span class='ocrx_word' id='word_1_178' title='bbox 1490 1627 1548 1663; x_wconf 87' lang='lat' dir='ltr'><em>pr.</em></span> <span class='ocrx_word' id='word_1_179' title='bbox 1575 1625 1630 1650; x_wconf 88' lang='lat' dir='ltr'><em>m.</em></span> 
     </span>
     <span class='ocr_line' id='line_1_22' title="bbox 198 1676 1630 1731; baseline -0.001 -13"><span class='ocrx_word' id='word_1_180' title='bbox 198 1677 288 1718; x_wconf 78' lang='lat' dir='ltr'><em>Par.</em></span> <span class='ocrx_word' id='word_1_181' title='bbox 318 1686 356 1719; x_wconf 86' lang='grc'><em>2,</em></span> <span class='ocrx_word' id='word_1_182' title='bbox 389 1685 428 1719; x_wconf 87' lang='grc'><em>3.</em></span> <span class='ocrx_word' id='word_1_183' title='bbox 543 1678 747 1731; x_wconf 72' lang='lat' dir='ltr'><em>adjunctis.</em></span> <span class='ocrx_word' id='word_1_184' title='bbox 803 1676 926 1717; x_wconf 82' lang='lat' dir='ltr'><em>Amb.</em></span> <span class='ocrx_word' id='word_1_185' title='bbox 956 1683 992 1718; x_wconf 83' lang='lat'><em>1.</em></span> <span class='ocrx_word' id='word_1_186' title='bbox 1036 1678 1215 1731; x_wconf 74' lang='lat' dir='ltr'><em>adjuctiS.</em></span> <span class='ocrx_word' id='word_1_187' title='bbox 1278 1677 1400 1719; x_wconf 84' lang='lat' dir='ltr'><em>Goth.</em></span> <span class='ocrx_word' id='word_1_188' title='bbox 1438 1677 1630 1718; x_wconf 76' lang='lat' dir='ltr'><em>advictus.</em></span> 
     </span>
     <span class='ocr_line' id='line_1_23' title="bbox 200 1743 1631 1799; baseline 0.001 -16"><span class='ocrx_word' id='word_1_189' title='bbox 200 1743 334 1785; x_wconf 81' lang='lat' dir='ltr'><em>Guelf.</em></span> <span class='ocrx_word' id='word_1_190' title='bbox 366 1762 387 1784; x_wconf 83' lang='lat' dir='ltr'><em>a</em></span> <span class='ocrx_word' id='word_1_191' title='bbox 417 1761 476 1799; x_wconf 78' lang='lat' dir='ltr'><em>pr.</em></span> <span class='ocrx_word' id='word_1_192' title='bbox 509 1761 563 1785; x_wconf 86' lang='lat' dir='ltr'><em>m.</em></span> <span class='ocrx_word' id='word_1_193' title='bbox 595 1747 820 1798; x_wconf 73' lang='lat' dir='ltr'><em>conjunctis.</em></span> <span class='ocrx_word' id='word_1_194' title='bbox 920 1755 975 1783; x_wconf 82' lang='lat' dir='ltr'><em>est</em></span> <span class='ocrx_word' id='word_1_195' title='bbox 1001 1745 1138 1783; x_wconf 78' lang='lat' dir='ltr'><em>bonum</em></span> <span class='ocrx_word' id='word_1_196' title='bbox 1161 1749 1255 1798; x_wconf 76' lang='lat' dir='ltr'><em>just.</em></span> <span class='ocrx_word' id='word_1_197' title='bbox 1303 1743 1427 1785; x_wconf 86' lang='lat' dir='ltr'><em>Amb.</em></span> <span class='ocrx_word' id='word_1_198' title='bbox 1453 1751 1489 1785; x_wconf 86' lang='lat'><em>1.</em></span> <span class='ocrx_word' id='word_1_199' title='bbox 1523 1744 1631 1784; x_wconf 82' lang='lat' dir='ltr'><em>Flor.</em></span> 
     </span>
     <span class='ocr_line' id='line_1_24' title="bbox 199 1809 1630 1866; baseline 0 -14"><span class='ocrx_word' id='word_1_200' title='bbox 199 1810 339 1866; x_wconf 78' lang='lat' dir='ltr'><em>Camp.</em></span> <span class='ocrx_word' id='word_1_201' title='bbox 370 1813 478 1853; x_wconf 89' lang='lat' dir='ltr'><em>Jens.</em></span> <span class='ocrx_word' id='word_1_202' title='bbox 510 1812 631 1853; x_wconf 75' lang='lat' dir='ltr'><em>Tarv.</em></span> <span class='ocrx_word' id='word_1_203' title='bbox 665 1813 700 1851; x_wconf 82' lang='lat' dir='ltr'><em>b.</em></span> <span class='ocrx_word' id='word_1_204' title='bbox 726 1815 758 1866; x_wconf 90' lang='lat' dir='ltr'><em>j.</em></span> <span class='ocrx_word' id='word_1_205' title='bbox 789 1829 820 1852; x_wconf 83' lang='lat' dir='ltr'><em>e.</em></span> <span class='ocrx_word' id='word_1_206' title='bbox 880 1809 978 1851; x_wconf 81' lang='lat' dir='ltr'><em>Loc.</em></span> <span class='ocrx_word' id='word_1_207' title='bbox 1010 1821 1049 1851; x_wconf 85' lang='lat' dir='ltr'><em>et</em></span> <span class='ocrx_word' id='word_1_208' title='bbox 1078 1812 1167 1851; x_wconf 85' lang='lat' dir='ltr'><em>edd.</em></span> <span class='ocrx_word' id='word_1_209' title='bbox 1201 1821 1293 1852; x_wconf 84' lang='lat' dir='ltr'><em>ante</em></span> <span class='ocrx_word' id='word_1_210' title='bbox 1323 1812 1452 1853; x_wconf 84' lang='lat' dir='ltr'><em>Stoer.</em></span> <span class='ocrx_word' id='word_1_211' title='bbox 1476 1815 1509 1866; x_wconf 87' lang='lat' dir='ltr'><em>j.</em></span> <span class='ocrx_word' id='word_1_212' title='bbox 1538 1829 1570 1852; x_wconf 91' lang='lat' dir='ltr'><em>e.</em></span> <span class='ocrx_word' id='word_1_213' title='bbox 1593 1812 1630 1852; x_wconf 76' lang='grc' dir='ltr'><em>ὂ.</em></span> 
     </span>
    </p>

    <p class='ocr_par' dir='ltr' id='par_1_11' title="bbox 196 1877 1634 2134">
     <span class='ocr_line' id='line_1_25' title="bbox 283 1877 1631 1932; baseline 0 -14"><span class='ocrx_word' id='word_1_214' title='bbox 283 1891 398 1919; x_wconf 79' lang='lat' dir='ltr'><em>retro.</em></span> <span class='ocrx_word' id='word_1_215' title='bbox 454 1878 557 1919; x_wconf 82' lang='lat' dir='ltr'><em>Item</em></span> <span class='ocrx_word' id='word_1_216' title='bbox 597 1877 717 1920; x_wconf 83' lang='lat' dir='ltr'><em>Amb.</em></span> <span class='ocrx_word' id='word_1_217' title='bbox 740 1884 777 1918; x_wconf 90' lang='lat'><em>1.</em></span> <span class='ocrx_word' id='word_1_218' title='bbox 816 1878 923 1918; x_wconf 89' lang='lat' dir='ltr'><em>Flor.</em></span> <span class='ocrx_word' id='word_1_219' title='bbox 954 1894 976 1918; x_wconf 86' lang='lat' dir='ltr'><em>a</em></span> <span class='ocrx_word' id='word_1_220' title='bbox 1004 1895 1062 1932; x_wconf 83' lang='lat' dir='ltr'><em>pr.</em></span> <span class='ocrx_word' id='word_1_221' title='bbox 1093 1895 1147 1918; x_wconf 90' lang='lat' dir='ltr'><em>m.</em></span> <span class='ocrx_word' id='word_1_222' title='bbox 1180 1890 1292 1920; x_wconf 80' lang='lat' dir='ltr'><em>recte.</em></span> <span class='ocrx_word' id='word_1_223' title='bbox 1410 1878 1631 1919; x_wconf 71' lang='lat' dir='ltr'><em>dissimilia.</em></span> 
     </span>
     <span class='ocr_line' id='line_1_26' title="bbox 196 1944 1633 2002; baseline -0.001 -15"><span class='ocrx_word' id='word_1_224' title='bbox 196 1946 303 1987; x_wconf 85' lang='lat' dir='ltr'><em>Flor.</em></span> <span class='ocrx_word' id='word_1_225' title='bbox 333 1946 455 1987; x_wconf 83' lang='lat' dir='ltr'><em>Amb.</em></span> <span class='ocrx_word' id='word_1_226' title='bbox 482 1954 521 1988; x_wconf 85' lang='lat'><em>2.</em></span> <span class='ocrx_word' id='word_1_227' title='bbox 554 1962 712 2002; x_wconf 82' lang='lat' dir='ltr'><em>quoque</em></span> <span class='ocrx_word' id='word_1_228' title='bbox 753 1946 914 1986; x_wconf 77' lang='lat' dir='ltr'><em>similia.</em></span> <span class='ocrx_word' id='word_1_229' title='bbox 1031 1963 1103 1985; x_wconf 87' lang='lat' dir='ltr'><em>non</em></span> <span class='ocrx_word' id='word_1_230' title='bbox 1134 1947 1278 1985; x_wconf 69' lang='lat' dir='ltr'><em>habuit.</em></span> <span class='ocrx_word' id='word_1_231' title='bbox 1339 1944 1462 1987; x_wconf 84' lang='lat' dir='ltr'><em>Goth.</em></span> <span class='ocrx_word' id='word_1_232' title='bbox 1493 1964 1529 1985; x_wconf 88' lang='lat' dir='ltr'><em>n.</em></span> <span class='ocrx_word' id='word_1_233' title='bbox 1560 1946 1633 1985; x_wconf 74' lang='lat' dir='ltr'><em>ka-</em></span> 
     </span>
     <span class='ocr_line' id='line_1_27' title="bbox 198 2013 1634 2069; baseline -0.001 -16"><span class='ocrx_word' id='word_1_234' title='bbox 198 2015 332 2054; x_wconf 79' lang='lat' dir='ltr'><em>buerit.</em></span> <span class='ocrx_word' id='word_1_235' title='bbox 421 2015 540 2066; x_wconf 73' lang='lat' dir='ltr'><em>Quem</em></span> <span class='ocrx_word' id='word_1_236' title='bbox 569 2018 651 2069; x_wconf 79' lang='lat' dir='ltr'><em>quis</em></span> <span class='ocrx_word' id='word_1_237' title='bbox 682 2023 786 2052; x_wconf 78' lang='lat' dir='ltr'><em>amat</em></span> <span class='ocrx_word' id='word_1_238' title='bbox 814 2037 869 2043; x_wconf 92' lang='lat'><em>—-</em></span> <span class='ocrx_word' id='word_1_239' title='bbox 899 2013 1045 2053; x_wconf 74' lang='lat' dir='ltr'><em>habuit.</em></span> <span class='ocrx_word' id='word_1_240' title='bbox 1093 2013 1200 2053; x_wconf 79' lang='lat' dir='ltr'><em>Flor.</em></span> <span class='ocrx_word' id='word_1_241' title='bbox 1231 2014 1331 2053; x_wconf 77' lang='lat' dir='ltr'><em>haec</em></span> <span class='ocrx_word' id='word_1_242' title='bbox 1360 2017 1494 2054; x_wconf 76' lang='lat' dir='ltr'><em>omnia</em></span> <span class='ocrx_word' id='word_1_243' title='bbox 1514 2017 1634 2053; x_wconf 80' lang='lat' dir='ltr'><em>omit-—</em></span> 
     </span>
     <span class='ocr_line' id='line_1_28' title="bbox 198 2082 1628 2134; baseline 0 -14"><span class='ocrx_word' id='word_1_244' title='bbox 198 2085 269 2132; x_wconf 74' lang='lat' dir='ltr'><em>tit,</em></span> <span class='ocrx_word' id='word_1_245' title='bbox 306 2082 375 2121; x_wconf 82' lang='lat' dir='ltr'><em>sed</em></span> <span class='ocrx_word' id='word_1_246' title='bbox 404 2083 544 2121; x_wconf 80' lang='lat' dir='ltr'><em>eadem</em></span> <span class='ocrx_word' id='word_1_247' title='bbox 571 2091 724 2122; x_wconf 76' lang='lat' dir='ltr'><em>vetusta</em></span> <span class='ocrx_word' id='word_1_248' title='bbox 751 2096 892 2120; x_wconf 84' lang='lat' dir='ltr'><em>manus</em></span> <span class='ocrx_word' id='word_1_249' title='bbox 921 2097 1039 2134; x_wconf 86' lang='lat' dir='ltr'><em>super</em></span> <span class='ocrx_word' id='word_1_250' title='bbox 1066 2084 1215 2120; x_wconf 83' lang='lat' dir='ltr'><em>lineam</em></span> <span class='ocrx_word' id='word_1_251' title='bbox 1243 2085 1431 2134; x_wconf 80' lang='lat' dir='ltr'><em>reposuit.</em></span> <span class='ocrx_word' id='word_1_252' title='bbox 1538 2083 1628 2120; x_wconf 82' lang='lat' dir='ltr'><em>sint.</em></span> 
     </span>
    </p>
   </div>
   <div class='ocr_carea' id='block_1_7' title="bbox 196 2147 1689 2201">
    <p class='ocr_par' dir='ltr' id='par_1_12' title="bbox 196 2147 1689 2201">
     <span class='ocr_line' id='line_1_29' title="bbox 196 2147 1689 2201; baseline -0.002 -13"><span class='ocrx_word' id='word_1_253' title='bbox 196 2147 304 2188; x_wconf 84' lang='lat' dir='ltr'><em>Flor.</em></span> <span class='ocrx_word' id='word_1_254' title='bbox 344 2164 365 2187; x_wconf 86' lang='lat' dir='ltr'><em>a</em></span> <span class='ocrx_word' id='word_1_255' title='bbox 404 2165 462 2201; x_wconf 87' lang='lat' dir='ltr'><em>pr.</em></span> <span class='ocrx_word' id='word_1_256' title='bbox 495 2165 549 2189; x_wconf 90' lang='lat' dir='ltr'><em>m.</em></span> <span class='ocrx_word' id='word_1_257' title='bbox 586 2159 685 2189; x_wconf 80' lang='lat' dir='ltr'><em>sunt.</em></span> <span class='ocrx_word' id='word_1_258' title='bbox 801 2147 1031 2188; x_wconf 79' lang='lat' dir='ltr'><em>indubitata.</em></span> <span class='ocrx_word' id='word_1_259' title='bbox 1082 2147 1207 2189; x_wconf 83' lang='lat' dir='ltr'><em>Amb.</em></span> <span class='ocrx_word' id='word_1_260' title='bbox 1230 2155 1268 2189; x_wconf 92' lang='lat'><em>1.</em></span> <span class='ocrx_word' id='word_1_261' title='bbox 1298 2148 1405 2188; x_wconf 89' lang='lat' dir='ltr'><em>Flor.</em></span> <span class='ocrx_word' id='word_1_262' title='bbox 1437 2163 1459 2187; x_wconf 82' lang='lat' dir='ltr'><em>a</em></span> <span class='ocrx_word' id='word_1_263' title='bbox 1485 2163 1545 2201; x_wconf 84' lang='lat' dir='ltr'><em>pr.</em></span> <span class='ocrx_word' id='word_1_264' title='bbox 1573 2162 1630 2186; x_wconf 90' lang='lat' dir='ltr'><em>m.</em></span> <span class='ocrx_word' id='word_1_265' title='bbox 1688 2160 1689 2163; x_wconf 51' lang='lat'>¹</span> 
     </span>
    </p>
   </div>
   <div class='ocr_carea' id='block_1_8' title="bbox 196 2216 1632 2734">
    <p class='ocr_par' dir='ltr' id='par_1_13' title="bbox 197 2216 583 2271">
     <span class='ocr_line' id='line_1_30' title="bbox 197 2216 583 2271; baseline 0.003 -16"><span class='ocrx_word' id='word_1_266' title='bbox 197 2231 358 2271; x_wconf 83' lang='lat' dir='ltr'><em>quoque</em></span> <span class='ocrx_word' id='word_1_267' title='bbox 393 2216 583 2257; x_wconf 69' lang='lat' dir='ltr'><em>dubitata.</em></span> 
     </span>
    </p>

    <p class='ocr_par' dir='ltr' id='par_1_14' title="bbox 196 2280 1632 2607">
     <span class='ocr_line' id='line_1_31' title="bbox 309 2280 1629 2336; baseline -0.002 -12"><span class='ocrx_word' id='word_1_268' title='bbox 309 2285 346 2335; x_wconf 82' lang='lat'><em>§.</em></span> <span class='ocrx_word' id='word_1_269' title='bbox 387 2288 455 2324; x_wconf 87' lang='lat'><em>75.</em></span> <span class='ocrx_word' id='word_1_270' title='bbox 524 2284 619 2323; x_wconf 75' lang='lat' dir='ltr'><em>haec</em></span> <span class='ocrx_word' id='word_1_271' title='bbox 658 2284 935 2336; x_wconf 77' lang='lat' dir='ltr'><em>consequentia.</em></span> <span class='ocrx_word' id='word_1_272' title='bbox 996 2280 1119 2335; x_wconf 74' lang='lat' dir='ltr'><em>Amb.</em></span> <span class='ocrx_word' id='word_1_273' title='bbox 1163 2287 1203 2322; x_wconf 88' lang='lat'><em>1.</em></span> <span class='ocrx_word' id='word_1_274' title='bbox 1251 2283 1347 2323; x_wconf 80' lang='lat' dir='ltr'><em>haec</em></span> <span class='ocrx_word' id='word_1_275' title='bbox 1382 2283 1629 2336; x_wconf 79' lang='lat' dir='ltr'><em>insequentia.</em></span> 
     </span>
     <span class='ocr_line' id='line_1_32' title="bbox 197 2347 1630 2405; baseline -0.003 -13"><span class='ocrx_word' id='word_1_276' title='bbox 197 2351 305 2392; x_wconf 84' lang='lat' dir='ltr'><em>Flor.</em></span> <span class='ocrx_word' id='word_1_277' title='bbox 344 2366 366 2390; x_wconf 86' lang='lat' dir='ltr'><em>a</em></span> <span class='ocrx_word' id='word_1_278' title='bbox 394 2367 453 2404; x_wconf 87' lang='lat' dir='ltr'><em>pr.</em></span> <span class='ocrx_word' id='word_1_279' title='bbox 484 2366 538 2391; x_wconf 89' lang='lat' dir='ltr'><em>m.</em></span> <span class='ocrx_word' id='word_1_280' title='bbox 580 2351 674 2391; x_wconf 74' lang='lat' dir='ltr'><em>haec</em></span> <span class='ocrx_word' id='word_1_281' title='bbox 703 2366 943 2404; x_wconf 79' lang='lat' dir='ltr'><em>consequens.</em></span> <span class='ocrx_word' id='word_1_282' title='bbox 1036 2347 1307 2405; x_wconf 78' lang='grc' dir='ltr'><strong>παρεπόμενα.</strong></span> <span class='ocrx_word' id='word_1_283' title='bbox 1360 2349 1488 2389; x_wconf 83' lang='lat' dir='ltr'><em>Amb.</em></span> <span class='ocrx_word' id='word_1_284' title='bbox 1521 2353 1558 2388; x_wconf 86' lang='grc'><em>1.</em></span> <span class='ocrx_word' id='word_1_285' title='bbox 1588 2354 1630 2389; x_wconf 88' lang='grc'><em>2.</em></span> 
     </span>
     <span class='ocr_line' id='line_1_33' title="bbox 196 2414 1631 2473; baseline -0.003 -15"><span class='ocrx_word' id='word_1_286' title='bbox 196 2417 303 2459; x_wconf 78' lang='lat' dir='ltr'><em>Flor.</em></span> <span class='ocrx_word' id='word_1_287' title='bbox 331 2433 604 2473; x_wconf 79' lang='lat' dir='ltr'><em>paregomena.</em></span> <span class='ocrx_word' id='word_1_288' title='bbox 686 2427 832 2472; x_wconf 76' lang='lat' dir='ltr'><em>postea.</em></span> <span class='ocrx_word' id='word_1_289' title='bbox 888 2416 1023 2459; x_wconf 87' lang='lat' dir='ltr'><em>Guelf.</em></span> <span class='ocrx_word' id='word_1_290' title='bbox 1051 2432 1190 2472; x_wconf 85' lang='lat' dir='ltr'><em>poena.</em></span> <span class='ocrx_word' id='word_1_291' title='bbox 1284 2427 1351 2457; x_wconf 83' lang='lat' dir='ltr'><em>aut</em></span> <span class='ocrx_word' id='word_1_292' title='bbox 1369 2416 1457 2473; x_wconf 68' lang='lat' dir='ltr'><em>fiat.</em></span> <span class='ocrx_word' id='word_1_293' title='bbox 1506 2414 1631 2456; x_wconf 89' lang='lat' dir='ltr'><em>Amb.</em></span> 
     </span>
     <span class='ocr_line' id='line_1_34' title="bbox 200 2481 1632 2541; baseline -0.004 -15"><span class='ocrx_word' id='word_1_294' title='bbox 200 2492 238 2526; x_wconf 86' lang='grc'><em>1.</em></span> <span class='ocrx_word' id='word_1_295' title='bbox 270 2503 318 2525; x_wconf 84' lang='lat' dir='ltr'><em>ac</em></span> <span class='ocrx_word' id='word_1_296' title='bbox 333 2486 423 2541; x_wconf 70' lang='lat' dir='ltr'><em>fut.</em></span> <span class='ocrx_word' id='word_1_297' title='bbox 536 2500 662 2524; x_wconf 85' lang='lat' dir='ltr'><em>rerum</em></span> <span class='ocrx_word' id='word_1_298' title='bbox 699 2487 798 2539; x_wconf 82' lang='lat' dir='ltr'><em>ipsa.</em></span> <span class='ocrx_word' id='word_1_299' title='bbox 860 2481 994 2525; x_wconf 85' lang='lat' dir='ltr'><em>Guelf.</em></span> <span class='ocrx_word' id='word_1_300' title='bbox 1025 2488 1052 2525; x_wconf 87' lang='lat' dir='ltr'><em>i.</em></span> <span class='ocrx_word' id='word_1_301' title='bbox 1084 2501 1117 2525; x_wconf 79' lang='lat' dir='ltr'><em>r.</em></span> <span class='ocrx_word' id='word_1_302' title='bbox 1185 2483 1325 2537; x_wconf 81' lang='lat' dir='ltr'><em>Camp.</em></span> <span class='ocrx_word' id='word_1_303' title='bbox 1356 2482 1479 2524; x_wconf 86' lang='lat' dir='ltr'><em>Goth.</em></span> <span class='ocrx_word' id='word_1_304' title='bbox 1511 2484 1632 2522; x_wconf 87' lang='lat' dir='ltr'><em>omit-</em></span> 
     </span>
     <span class='ocr_line' id='line_1_35' title="bbox 197 2555 424 2607; baseline 0 -14"><span class='ocrx_word' id='word_1_305' title='bbox 197 2563 288 2594; x_wconf 77' lang='lat' dir='ltr'><em>tunt</em></span> <span class='ocrx_word' id='word_1_306' title='bbox 325 2555 424 2607; x_wconf 79' lang='lat' dir='ltr'><em>ipsa.</em></span> 
     </span>
    </p>

    <p class='ocr_par' dir='ltr' id='par_1_15' title="bbox 199 2617 1629 2734">
     <span class='ocr_line' id='line_1_36' title="bbox 310 2617 1628 2673; baseline -0.007 -12"><span class='ocrx_word' id='word_1_307' title='bbox 310 2620 349 2671; x_wconf 86' lang='lat'><em>§.</em></span> <span class='ocrx_word' id='word_1_308' title='bbox 387 2624 454 2660; x_wconf 84' lang='lat'><em>76.</em></span> <span class='ocrx_word' id='word_1_309' title='bbox 531 2629 808 2673; x_wconf 76' lang='lat' dir='ltr'><em>argumentum.</em></span> <span class='ocrx_word' id='word_1_310' title='bbox 865 2617 998 2658; x_wconf 82' lang='lat' dir='ltr'><em>Guelf.</em></span> <span class='ocrx_word' id='word_1_311' title='bbox 1041 2627 1279 2672; x_wconf 67' lang='lat' dir='ltr'><em>azgumenta.</em></span> <span class='ocrx_word' id='word_1_312' title='bbox 1408 2624 1628 2670; x_wconf 79' lang='lat' dir='ltr'><em>sequuntur.</em></span> 
     </span>
     <span class='ocr_line' id='line_1_37' title="bbox 199 2682 1629 2734; baseline -0.005 -8"><span class='ocrx_word' id='word_1_313' title='bbox 199 2683 334 2726; x_wconf 88' lang='lat' dir='ltr'><em>Guels.</em></span> <span class='ocrx_word' id='word_1_314' title='bbox 375 2697 564 2727; x_wconf 58' lang='lat' dir='ltr'><em>secuntur.</em></span> <span class='ocrx_word' id='word_1_315' title='bbox 623 2686 748 2727; x_wconf 79' lang='lat' dir='ltr'><em>Amb.</em></span> <span class='ocrx_word' id='word_1_316' title='bbox 783 2693 819 2727; x_wconf 78' lang='lat'><em>2.</em></span> <span class='ocrx_word' id='word_1_317' title='bbox 855 2697 1047 2728; x_wconf 72' lang='lat' dir='ltr'><em>secantur.</em></span> <span class='ocrx_word' id='word_1_318' title='bbox 1106 2683 1232 2726; x_wconf 81' lang='lat' dir='ltr'><em>Goth.</em></span> <span class='ocrx_word' id='word_1_319' title='bbox 1261 2682 1387 2734; x_wconf 57' lang='lat' dir='ltr'><em>gvoss.</em></span> <span class='ocrx_word' id='word_1_320' title='bbox 1418 2688 1457 2724; x_wconf 90' lang='grc'><em>2.</em></span> <span class='ocrx_word' id='word_1_321' title='bbox 1497 2696 1629 2722; x_wconf 85' lang='lat' dir='ltr'><em>conse-</em></span> 
     </span>
    </p>
   </div>
  </div>
 </body>
</html>
