<?xml version="1.0" encoding="UTF-8"?>
<!DOCTYPE html PUBLIC "-//W3C//DTD XHTML 1.0 Transitional//EN"
    "http://www.w3.org/TR/xhtml1/DTD/xhtml1-transitional.dtd">
<html xmlns="http://www.w3.org/1999/xhtml" xml:lang="en" lang="en">
 <head>
  <title>
</title>
<meta http-equiv="Content-Type" content="text/html;charset=utf-8" />
  <meta name='ocr-system' content='tesseract 3.04.00' />
  <meta name='ocr-capabilities' content='ocr_page ocr_carea ocr_par ocr_line ocrx_word'/>
</head>
<body>
  <div class='ocr_page' id='page_1' title='image "./lexiconquintilia05bonnuoft_0345.png"; bbox 0 0 1775 3091; ppageno 0'>
   <div class='ocr_carea' id='block_1_1' title="bbox 367 248 1531 303">
    <p class='ocr_par' dir='ltr' id='par_1_1' title="bbox 367 248 1531 303">
     <span class='ocr_line' id='line_1_1' title="bbox 367 248 1531 303; baseline 0.003 -14"><span class='ocrx_word' id='word_1_1' title='bbox 367 250 419 290; x_wconf 80' lang='lat' dir='ltr'>acl</span> <span class='ocrx_word' id='word_1_2' title='bbox 441 249 603 303; x_wconf 76' lang='lat' dir='ltr'>Quintil.</span> <span class='ocrx_word' id='word_1_3' title='bbox 637 248 766 290; x_wconf 78' lang='lat' dir='ltr'>Instit.</span> <span class='ocrx_word' id='word_1_4' title='bbox 804 248 859 301; x_wconf 85' lang='lat' dir='ltr'>V,</span> <span class='ocrx_word' id='word_1_5' title='bbox 895 253 958 290; x_wconf 83' lang='lat'>13.</span> <span class='ocrx_word' id='word_1_6' title='bbox 992 249 1027 302; x_wconf 63' lang='grc' dir='ltr'>ξ,</span> <span class='ocrx_word' id='word_1_7' title='bbox 1052 249 1250 290; x_wconf 78' lang='lat'>43—52.</span> <span class='ocrx_word' id='word_1_8' title='bbox 1449 256 1531 292; x_wconf 65' lang='lat'>297</span> 
     </span>
    </p>
   </div>
   <div class='ocr_carea' id='block_1_2' title="bbox 91 362 1537 958">
    <p class='ocr_par' dir='ltr' id='par_1_2' title="bbox 91 362 1532 619">
     <span class='ocr_line' id='line_1_2' title="bbox 207 362 1529 420; baseline 0 -16"><span class='ocrx_word' id='word_1_9' title='bbox 207 365 245 415; x_wconf 90' lang='lat'>§.</span> <span class='ocrx_word' id='word_1_10' title='bbox 276 364 342 406; x_wconf 86' lang='lat'>48.</span> <span class='ocrx_word' id='word_1_11' title='bbox 399 364 570 420; x_wconf 77' lang='lat' dir='ltr'>quidam.</span> <span class='ocrx_word' id='word_1_12' title='bbox 618 363 736 404; x_wconf 86' lang='lat' dir='ltr'>Tarv.</span> <span class='ocrx_word' id='word_1_13' title='bbox 757 362 920 418; x_wconf 72' lang='lat' dir='ltr'>quidem.</span> <span class='ocrx_word' id='word_1_14' title='bbox 1029 365 1197 404; x_wconf 81' lang='lat' dir='ltr'><strong><em>contenti</em></strong></span> <span class='ocrx_word' id='word_1_15' title='bbox 1225 373 1338 404; x_wconf 83' lang='lat' dir='ltr'>totos.</span> <span class='ocrx_word' id='word_1_16' title='bbox 1391 362 1529 404; x_wconf 81' lang='lat' dir='ltr'>Turio.</span> 
     </span>
     <span class='ocr_line' id='line_1_3' title="bbox 92 429 1440 486; baseline 0.001 -16"><span class='ocrx_word' id='word_1_17' title='bbox 92 430 200 473; x_wconf 88' lang='lat' dir='ltr'>Flor.</span> <span class='ocrx_word' id='word_1_18' title='bbox 228 448 251 473; x_wconf 84' lang='lat' dir='ltr'><strong>a</strong></span> <span class='ocrx_word' id='word_1_19' title='bbox 283 448 342 486; x_wconf 87' lang='lat' dir='ltr'>pr.</span> <span class='ocrx_word' id='word_1_20' title='bbox 372 448 428 472; x_wconf 89' lang='lat' dir='ltr'>m.</span> <span class='ocrx_word' id='word_1_21' title='bbox 457 435 567 473; x_wconf 87' lang='lat' dir='ltr'>Alm.</span> <span class='ocrx_word' id='word_1_22' title='bbox 600 442 811 472; x_wconf 80' lang='lat' dir='ltr'>contentos.</span> <span class='ocrx_word' id='word_1_23' title='bbox 924 447 1070 486; x_wconf 80' lang='lat' dir='ltr'>persec.</span> <span class='ocrx_word' id='word_1_24' title='bbox 1130 429 1261 472; x_wconf 88' lang='lat' dir='ltr'>Guelf.</span> <span class='ocrx_word' id='word_1_25' title='bbox 1286 447 1440 485; x_wconf 80' lang='lat' dir='ltr'>prosec.</span> 
     </span>
     <span class='ocr_line' id='line_1_4' title="bbox 92 497 1532 554; baseline 0.003 -18"><span class='ocrx_word' id='word_1_26' title='bbox 92 509 215 540; x_wconf 82' lang='lat' dir='ltr'>nostr.</span> <span class='ocrx_word' id='word_1_27' title='bbox 245 511 358 554; x_wconf 80' lang='lat' dir='ltr'>temp.</span> <span class='ocrx_word' id='word_1_28' title='bbox 409 498 532 541; x_wconf 86' lang='lat' dir='ltr'>Goth.</span> <span class='ocrx_word' id='word_1_29' title='bbox 559 499 668 539; x_wconf 87' lang='lat' dir='ltr'>Jens.</span> <span class='ocrx_word' id='word_1_30' title='bbox 697 509 736 539; x_wconf 91' lang='lat' dir='ltr'>et</span> <span class='ocrx_word' id='word_1_31' title='bbox 764 499 855 539; x_wconf 83' lang='lat' dir='ltr'>edd.</span> <span class='ocrx_word' id='word_1_32' title='bbox 875 508 966 538; x_wconf 82' lang='lat' dir='ltr'>ante</span> <span class='ocrx_word' id='word_1_33' title='bbox 988 497 1141 554; x_wconf 80' lang='lat' dir='ltr'>Gryph.</span> <span class='ocrx_word' id='word_1_34' title='bbox 1163 509 1192 539; x_wconf 83' lang='lat' dir='ltr'>t.</span> <span class='ocrx_word' id='word_1_35' title='bbox 1216 515 1255 540; x_wconf 84' lang='lat' dir='ltr'>n.</span> <span class='ocrx_word' id='word_1_36' title='bbox 1372 497 1532 540; x_wconf 83' lang='lat' dir='ltr'><strong><em>Vibius.</em></strong></span> 
     </span>
     <span class='ocr_line' id='line_1_5' title="bbox 91 568 1078 619; baseline 0.001 -14"><span class='ocrx_word' id='word_1_37' title='bbox 91 568 215 606; x_wconf 85' lang='lat' dir='ltr'>Amb.</span> <span class='ocrx_word' id='word_1_38' title='bbox 241 572 278 607; x_wconf 85' lang='lat'>1.</span> <span class='ocrx_word' id='word_1_39' title='bbox 301 570 441 606; x_wconf 79' lang='lat' dir='ltr'>vivius.</span> <span class='ocrx_word' id='word_1_40' title='bbox 527 569 684 619; x_wconf 75' lang='lat' dir='ltr'>ingenii.</span> <span class='ocrx_word' id='word_1_41' title='bbox 731 569 853 607; x_wconf 86' lang='lat' dir='ltr'>Amb.</span> <span class='ocrx_word' id='word_1_42' title='bbox 875 573 914 607; x_wconf 83' lang='lat'>2.</span> <span class='ocrx_word' id='word_1_43' title='bbox 939 569 1078 619; x_wconf 74' lang='lat' dir='ltr'>ingeni.</span> 
     </span>
    </p>

    <p class='ocr_par' dir='ltr' id='par_1_3' title="bbox 91 632 1536 823">
     <span class='ocr_line' id='line_1_6' title="bbox 203 632 1534 691; baseline 0.001 -17"><span class='ocrx_word' id='word_1_44' title='bbox 203 633 466 686; x_wconf 83' lang='lat' dir='ltr'>[Observavit</span> <span class='ocrx_word' id='word_1_45' title='bbox 504 632 711 686; x_wconf 81' lang='lat' dir='ltr'>Spalding.</span> <span class='ocrx_word' id='word_1_46' title='bbox 752 636 796 673; x_wconf 85' lang='lat' dir='ltr'>iu</span> <span class='ocrx_word' id='word_1_47' title='bbox 831 637 1026 686; x_wconf 85' lang='lat' dir='ltr'><strong>supplem.</strong></span> <span class='ocrx_word' id='word_1_48' title='bbox 1068 636 1162 675; x_wconf 81' lang='lat' dir='ltr'>edit.</span> <span class='ocrx_word' id='word_1_49' title='bbox 1200 649 1293 674; x_wconf 88' lang='lat' dir='ltr'>suae</span> <span class='ocrx_word' id='word_1_50' title='bbox 1332 650 1534 691; x_wconf 88' lang='lat' dir='ltr'>nusquam</span> 
     </span>
     <span class='ocr_line' id='line_1_7' title="bbox 93 699 1536 755; baseline 0.001 -14"><span class='ocrx_word' id='word_1_51' title='bbox 93 699 323 751; x_wconf 83' lang='lat' dir='ltr'>hujusmodi</span> <span class='ocrx_word' id='word_1_52' title='bbox 349 711 525 741; x_wconf 86' lang='lat' dir='ltr'>totorum</span> <span class='ocrx_word' id='word_1_53' title='bbox 544 703 729 742; x_wconf 89' lang='lat' dir='ltr'>locorum</span> <span class='ocrx_word' id='word_1_54' title='bbox 748 704 1056 755; x_wconf 83' lang='lat' dir='ltr'>explicationem</span> <span class='ocrx_word' id='word_1_55' title='bbox 1076 705 1401 755; x_wconf 80' lang='lat' dir='ltr'><strong>praestantiorem</strong></span> <span class='ocrx_word' id='word_1_56' title='bbox 1418 706 1536 745; x_wconf 83' lang='lat' dir='ltr'>inve-</span> 
     </span>
     <span class='ocr_line' id='line_1_8' title="bbox 91 768 1371 823; baseline 0.003 -17"><span class='ocrx_word' id='word_1_57' title='bbox 91 769 191 817; x_wconf 85' lang='lat' dir='ltr'>niri,</span> <span class='ocrx_word' id='word_1_58' title='bbox 223 783 344 823; x_wconf 84' lang='lat' dir='ltr'>quam</span> <span class='ocrx_word' id='word_1_59' title='bbox 364 770 472 822; x_wconf 82' lang='lat' dir='ltr'>apud</span> <span class='ocrx_word' id='word_1_60' title='bbox 494 768 730 809; x_wconf 80' lang='lat' dir='ltr'>Ciceronem</span> <span class='ocrx_word' id='word_1_61' title='bbox 752 773 794 809; x_wconf 88' lang='lat' dir='ltr'>in</span> <span class='ocrx_word' id='word_1_62' title='bbox 815 773 931 812; x_wconf 89' lang='lat' dir='ltr'>Verr.</span> <span class='ocrx_word' id='word_1_63' title='bbox 952 772 1022 809; x_wconf 89' lang='lat' dir='ltr'>lib.</span> <span class='ocrx_word' id='word_1_64' title='bbox 1044 768 1085 809; x_wconf 90' lang='lat' dir='ltr'><strong>V</strong></span> <span class='ocrx_word' id='word_1_65' title='bbox 1108 785 1194 823; x_wconf 83' lang='lat' dir='ltr'>cap.</span> <span class='ocrx_word' id='word_1_66' title='bbox 1217 775 1241 811; x_wconf 80' lang='lat'>9</span> <span class='ocrx_word' id='word_1_67' title='bbox 1263 771 1371 823; x_wconf 82' lang='lat' dir='ltr'>init.]</span> 
     </span>
    </p>

    <p class='ocr_par' dir='ltr' id='par_1_4' title="bbox 94 836 1537 958">
     <span class='ocr_line' id='line_1_9' title="bbox 206 836 1535 890; baseline 0.004 -15"><span class='ocrx_word' id='word_1_68' title='bbox 206 836 244 888; x_wconf 89' lang='lat'>§.</span> <span class='ocrx_word' id='word_1_69' title='bbox 275 837 345 878; x_wconf 79' lang='lat'>49.</span> <span class='ocrx_word' id='word_1_70' title='bbox 397 840 499 890; x_wconf 76' lang='lat' dir='ltr'>jaci.</span> <span class='ocrx_word' id='word_1_71' title='bbox 524 840 588 877; x_wconf 85' lang='lat' dir='ltr'>sit.</span> <span class='ocrx_word' id='word_1_72' title='bbox 641 840 763 878; x_wconf 85' lang='lat' dir='ltr'>Amb.</span> <span class='ocrx_word' id='word_1_73' title='bbox 785 843 820 878; x_wconf 87' lang='lat'>1.</span> <span class='ocrx_word' id='word_1_74' title='bbox 846 836 954 878; x_wconf 87' lang='lat' dir='ltr'>Flor.</span> <span class='ocrx_word' id='word_1_75' title='bbox 978 836 1113 877; x_wconf 88' lang='lat' dir='ltr'>Guelf.</span> <span class='ocrx_word' id='word_1_76' title='bbox 1146 836 1264 876; x_wconf 86' lang='lat' dir='ltr'>Voss.</span> <span class='ocrx_word' id='word_1_77' title='bbox 1290 843 1329 878; x_wconf 86' lang='lat'>1.</span> <span class='ocrx_word' id='word_1_78' title='bbox 1347 845 1385 879; x_wconf 89' lang='grc'>2.</span> <span class='ocrx_word' id='word_1_79' title='bbox 1413 840 1535 880; x_wconf 77' lang='lat' dir='ltr'>Amb.</span> 
     </span>
     <span class='ocr_line' id='line_1_10' title="bbox 94 902 1537 958; baseline 0.002 -15"><span class='ocrx_word' id='word_1_80' title='bbox 94 907 136 943; x_wconf 89' lang='lat'>2.</span> <span class='ocrx_word' id='word_1_81' title='bbox 165 902 274 945; x_wconf 84' lang='lat' dir='ltr'>Jens.</span> <span class='ocrx_word' id='word_1_82' title='bbox 298 914 336 944; x_wconf 87' lang='lat' dir='ltr'>et</span> <span class='ocrx_word' id='word_1_83' title='bbox 359 905 448 945; x_wconf 88' lang='lat' dir='ltr'>edd.</span> <span class='ocrx_word' id='word_1_84' title='bbox 482 914 575 945; x_wconf 86' lang='lat' dir='ltr'>aute</span> <span class='ocrx_word' id='word_1_85' title='bbox 601 902 736 954; x_wconf 87' lang='lat' dir='ltr'>Gibs.,</span> <span class='ocrx_word' id='word_1_86' title='bbox 787 920 878 945; x_wconf 90' lang='lat' dir='ltr'>cum</span> <span class='ocrx_word' id='word_1_87' title='bbox 909 908 963 945; x_wconf 86' lang='lat' dir='ltr'>eis</span> <span class='ocrx_word' id='word_1_88' title='bbox 995 919 1056 958; x_wconf 80' lang='lat' dir='ltr'>ap.</span> <span class='ocrx_word' id='word_1_89' title='bbox 1087 903 1228 945; x_wconf 78' lang='lat' dir='ltr'>Burm.</span> <span class='ocrx_word' id='word_1_90' title='bbox 1260 909 1451 946; x_wconf 85' lang='lat' dir='ltr'>omittunt</span> <span class='ocrx_word' id='word_1_91' title='bbox 1471 910 1537 947; x_wconf 72' lang='lat' dir='ltr'>sit.</span> 
     </span>
    </p>
   </div>
   <div class='ocr_carea' id='block_1_3' title="bbox 97 970 1538 1163">
    <p class='ocr_par' dir='ltr' id='par_1_5' title="bbox 97 970 1538 1163">
     <span class='ocr_line' id='line_1_11' title="bbox 176 970 1538 1027; baseline 0.001 -16"><span class='ocrx_word' id='word_1_92' title='bbox 176 975 383 1025; x_wconf 78' lang='lat' dir='ltr'>possimus.</span> <span class='ocrx_word' id='word_1_93' title='bbox 445 970 581 1012; x_wconf 78' lang='lat' dir='ltr'>Tul-ic.</span> <span class='ocrx_word' id='word_1_94' title='bbox 612 988 634 1011; x_wconf 88' lang='lat' dir='ltr'>a</span> <span class='ocrx_word' id='word_1_95' title='bbox 660 988 719 1026; x_wconf 89' lang='lat' dir='ltr'>pr.</span> <span class='ocrx_word' id='word_1_96' title='bbox 750 988 805 1012; x_wconf 89' lang='lat' dir='ltr'>m.</span> <span class='ocrx_word' id='word_1_97' title='bbox 845 971 953 1012; x_wconf 85' lang='lat' dir='ltr'>Flor.</span> <span class='ocrx_word' id='word_1_98' title='bbox 990 985 1208 1027; x_wconf 78' lang='lat' dir='ltr'>possumus.</span> <span class='ocrx_word' id='word_1_99' title='bbox 1321 973 1403 1013; x_wconf 79' lang='lat' dir='ltr'>dici</span> <span class='ocrx_word' id='word_1_100' title='bbox 1429 973 1538 1013; x_wconf 77' lang='lat' dir='ltr'>nihil.</span> 
     </span>
     <span class='ocr_line' id='line_1_12' title="bbox 98 1036 1538 1097; baseline 0.002 -19"><span class='ocrx_word' id='word_1_101' title='bbox 98 1036 233 1079; x_wconf 82' lang='lat' dir='ltr'>Guelf.</span> <span class='ocrx_word' id='word_1_102' title='bbox 274 1039 382 1080; x_wconf 89' lang='lat' dir='ltr'>Jens.</span> <span class='ocrx_word' id='word_1_103' title='bbox 421 1048 460 1080; x_wconf 84' lang='lat' dir='ltr'>et</span> <span class='ocrx_word' id='word_1_104' title='bbox 499 1040 590 1080; x_wconf 83' lang='lat' dir='ltr'>edd.</span> <span class='ocrx_word' id='word_1_105' title='bbox 630 1049 721 1080; x_wconf 78' lang='lat' dir='ltr'>ante</span> <span class='ocrx_word' id='word_1_106' title='bbox 760 1039 888 1081; x_wconf 84' lang='lat' dir='ltr'>Stoer.</span> <span class='ocrx_word' id='word_1_107' title='bbox 925 1041 1063 1080; x_wconf 84' lang='lat' dir='ltr'>ordine</span> <span class='ocrx_word' id='word_1_108' title='bbox 1091 1050 1259 1081; x_wconf 84' lang='lat' dir='ltr'>mutato.</span> <span class='ocrx_word' id='word_1_109' title='bbox 1359 1040 1538 1097; x_wconf 80' lang='lat' dir='ltr'>furtiva.</span> 
     </span>
     <span class='ocr_line' id='line_1_13' title="bbox 97 1103 1537 1163; baseline 0.003 -18"><span class='ocrx_word' id='word_1_110' title='bbox 97 1103 231 1146; x_wconf 86' lang='lat' dir='ltr'>Guelf.</span> <span class='ocrx_word' id='word_1_111' title='bbox 249 1107 427 1163; x_wconf 80' lang='lat' dir='ltr'>fortiva.</span> <span class='ocrx_word' id='word_1_112' title='bbox 543 1123 703 1147; x_wconf 79' lang='lat' dir='ltr'>neccsse.</span> <span class='ocrx_word' id='word_1_113' title='bbox 753 1107 861 1148; x_wconf 89' lang='lat' dir='ltr'>Jens.</span> <span class='ocrx_word' id='word_1_114' title='bbox 892 1118 930 1147; x_wconf 87' lang='lat' dir='ltr'>et</span> <span class='ocrx_word' id='word_1_115' title='bbox 953 1109 1042 1148; x_wconf 87' lang='lat' dir='ltr'>edd.</span> <span class='ocrx_word' id='word_1_116' title='bbox 1077 1118 1167 1147; x_wconf 82' lang='lat' dir='ltr'>ante</span> <span class='ocrx_word' id='word_1_117' title='bbox 1186 1109 1283 1148; x_wconf 78' lang='lat' dir='ltr'>Ald.</span> <span class='ocrx_word' id='word_1_118' title='bbox 1310 1111 1537 1149; x_wconf 80' lang='lat' dir='ltr'>necessarie.</span> 
     </span>
    </p>
   </div>
   <div class='ocr_carea' id='block_1_4' title="bbox 92 1173 1542 1432">
    <p class='ocr_par' dir='ltr' id='par_1_6' title="bbox 92 1173 1538 1351">
     <span class='ocr_line' id='line_1_14' title="bbox 179 1173 1451 1232; baseline 0.002 -19"><span class='ocrx_word' id='word_1_119' title='bbox 179 1177 395 1226; x_wconf 75' lang='lat' dir='ltr'>ignorante.</span> <span class='ocrx_word' id='word_1_120' title='bbox 445 1173 580 1216; x_wconf 84' lang='lat' dir='ltr'>Guelf.</span> <span class='ocrx_word' id='word_1_121' title='bbox 602 1178 750 1228; x_wconf 79' lang='lat' dir='ltr'>ignare.</span> <span class='ocrx_word' id='word_1_122' title='bbox 838 1176 990 1232; x_wconf 74' lang='lat' dir='ltr'>quibus.</span> <span class='ocrx_word' id='word_1_123' title='bbox 1040 1175 1177 1216; x_wconf 66' lang='lat' dir='ltr'>Tufic.</span> <span class='ocrx_word' id='word_1_124' title='bbox 1208 1175 1316 1216; x_wconf 84' lang='lat' dir='ltr'>Flor.</span> <span class='ocrx_word' id='word_1_125' title='bbox 1349 1180 1451 1231; x_wconf 80' lang='lat' dir='ltr'>quis.</span> 
     </span>
     <span class='ocr_line' id='line_1_15' title="bbox 92 1244 1538 1298; baseline 0.005 -19"><span class='ocrx_word' id='word_1_126' title='bbox 92 1245 309 1297; x_wconf 79' lang='lat' dir='ltr'>proposita.</span> <span class='ocrx_word' id='word_1_127' title='bbox 366 1245 486 1284; x_wconf 88' lang='lat' dir='ltr'>Amb.</span> <span class='ocrx_word' id='word_1_128' title='bbox 509 1247 547 1283; x_wconf 89' lang='lat'>1.</span> <span class='ocrx_word' id='word_1_129' title='bbox 567 1246 803 1298; x_wconf 75' lang='lat' dir='ltr'>propositae.</span> <span class='ocrx_word' id='word_1_130' title='bbox 889 1246 979 1284; x_wconf 80' lang='lat' dir='ltr'>sint.</span> <span class='ocrx_word' id='word_1_131' title='bbox 1028 1244 1150 1284; x_wconf 80' lang='lat' dir='ltr'>Amb.</span> <span class='ocrx_word' id='word_1_132' title='bbox 1175 1247 1212 1284; x_wconf 86' lang='lat'>1.</span> <span class='ocrx_word' id='word_1_133' title='bbox 1235 1249 1274 1285; x_wconf 80' lang='lat'>2.</span> <span class='ocrx_word' id='word_1_134' title='bbox 1301 1244 1410 1285; x_wconf 85' lang='lat' dir='ltr'>Flor.</span> <span class='ocrx_word' id='word_1_135' title='bbox 1427 1247 1538 1287; x_wconf 83' lang='lat' dir='ltr'>Alm.</span> 
     </span>
     <span class='ocr_line' id='line_1_16' title="bbox 97 1308 411 1351; baseline 0.003 -1"><span class='ocrx_word' id='word_1_136' title='bbox 97 1308 216 1350; x_wconf 89' lang='lat' dir='ltr'>Voss.</span> <span class='ocrx_word' id='word_1_137' title='bbox 241 1315 278 1351; x_wconf 91' lang='lat'>1.</span> <span class='ocrx_word' id='word_1_138' title='bbox 310 1321 411 1351; x_wconf 81' lang='lat' dir='ltr'>sunt.</span> 
     </span>
    </p>

    <p class='ocr_par' dir='ltr' id='par_1_7' title="bbox 208 1376 1542 1432">
     <span class='ocr_line' id='line_1_17' title="bbox 208 1376 1542 1432; baseline 0.001 -15"><span class='ocrx_word' id='word_1_139' title='bbox 208 1376 302 1430; x_wconf 88' lang='lat' dir='ltr'>[De</span> <span class='ocrx_word' id='word_1_140' title='bbox 341 1378 662 1419; x_wconf 77' lang='lat' dir='ltr'>advocationibus</span> <span class='ocrx_word' id='word_1_141' title='bbox 703 1377 911 1432; x_wconf 84' lang='lat' dir='ltr'>Spalding.</span> <span class='ocrx_word' id='word_1_142' title='bbox 950 1381 1064 1430; x_wconf 88' lang='lat' dir='ltr'>jussit</span> <span class='ocrx_word' id='word_1_143' title='bbox 1102 1381 1275 1419; x_wconf 84' lang='lat' dir='ltr'>conferri</span> <span class='ocrx_word' id='word_1_144' title='bbox 1315 1378 1458 1420; x_wconf 85' lang='lat' dir='ltr'>Senec.</span> <span class='ocrx_word' id='word_1_145' title='bbox 1490 1379 1542 1419; x_wconf 80' lang='lat' dir='ltr'>ad</span> 
     </span>
    </p>
   </div>
   <div class='ocr_carea' id='block_1_5' title="bbox 94 1443 1542 1565">
    <p class='ocr_par' dir='ltr' id='par_1_8' title="bbox 94 1443 1542 1565">
     <span class='ocr_line' id='line_1_18' title="bbox 96 1443 1542 1501; baseline 0.002 -18"><span class='ocrx_word' id='word_1_146' title='bbox 96 1443 219 1485; x_wconf 82' lang='lat' dir='ltr'>Marc.</span> <span class='ocrx_word' id='word_1_147' title='bbox 239 1461 278 1498; x_wconf 89' lang='lat' dir='ltr'>p.</span> <span class='ocrx_word' id='word_1_148' title='bbox 299 1451 376 1486; x_wconf 85' lang='grc'>189</span> <span class='ocrx_word' id='word_1_149' title='bbox 412 1444 474 1498; x_wconf 87' lang='lat' dir='ltr'>(c.</span> <span class='ocrx_word' id='word_1_150' title='bbox 499 1444 577 1499; x_wconf 91' lang='lat'>10)</span> <span class='ocrx_word' id='word_1_151' title='bbox 609 1449 745 1501; x_wconf 82' lang='lat' dir='ltr'>ibique</span> <span class='ocrx_word' id='word_1_152' title='bbox 776 1444 982 1499; x_wconf 85' lang='lat' dir='ltr'>Lipsium‚</span> <span class='ocrx_word' id='word_1_153' title='bbox 1024 1447 1097 1486; x_wconf 83' lang='lat' dir='ltr'>etsi</span> <span class='ocrx_word' id='word_1_154' title='bbox 1125 1459 1244 1486; x_wconf 85' lang='lat' dir='ltr'>sensu.</span> <span class='ocrx_word' id='word_1_155' title='bbox 1275 1446 1323 1486; x_wconf 76' lang='lat' dir='ltr'>ab</span> <span class='ocrx_word' id='word_1_156' title='bbox 1349 1445 1428 1486; x_wconf 83' lang='lat' dir='ltr'>hoc</span> <span class='ocrx_word' id='word_1_157' title='bbox 1453 1447 1542 1487; x_wconf 84' lang='lat' dir='ltr'>loeo</span> 
     </span>
     <span class='ocr_line' id='line_1_19' title="bbox 94 1513 458 1565; baseline 0.003 -13"><span class='ocrx_word' id='word_1_158' title='bbox 94 1513 256 1552; x_wconf 79' lang='lat' dir='ltr'>fortasse</span> <span class='ocrx_word' id='word_1_159' title='bbox 289 1513 458 1565; x_wconf 85' lang='lat' dir='ltr'>alien0.]</span> 
     </span>
    </p>
   </div>
   <div class='ocr_carea' id='block_1_6' title="bbox 92 1577 1545 2644">
    <p class='ocr_par' dir='ltr' id='par_1_9' title="bbox 96 1577 1545 2093">
     <span class='ocr_line' id='line_1_20' title="bbox 208 1577 1538 1636; baseline 0.002 -16"><span class='ocrx_word' id='word_1_160' title='bbox 208 1580 241 1633; x_wconf 85' lang='lat'>§.</span> <span class='ocrx_word' id='word_1_161' title='bbox 275 1585 340 1622; x_wconf 90' lang='lat'>50.</span> <span class='ocrx_word' id='word_1_162' title='bbox 395 1579 470 1620; x_wconf 85' lang='lat' dir='ltr'>At.</span> <span class='ocrx_word' id='word_1_163' title='bbox 527 1581 647 1621; x_wconf 89' lang='lat' dir='ltr'>Amb.</span> <span class='ocrx_word' id='word_1_164' title='bbox 683 1585 720 1620; x_wconf 89' lang='lat'>1.</span> <span class='ocrx_word' id='word_1_165' title='bbox 752 1577 888 1621; x_wconf 76' lang='lat' dir='ltr'>Turic-</span> <span class='ocrx_word' id='word_1_166' title='bbox 915 1578 1024 1622; x_wconf 88' lang='lat' dir='ltr'>Flor.</span> <span class='ocrx_word' id='word_1_167' title='bbox 1055 1596 1079 1621; x_wconf 86' lang='lat' dir='ltr'>a</span> <span class='ocrx_word' id='word_1_168' title='bbox 1109 1597 1166 1636; x_wconf 84' lang='lat' dir='ltr'>pr.</span> <span class='ocrx_word' id='word_1_169' title='bbox 1200 1596 1258 1622; x_wconf 90' lang='lat' dir='ltr'>m.</span> <span class='ocrx_word' id='word_1_170' title='bbox 1291 1580 1346 1621; x_wconf 78' lang='lat' dir='ltr'>id.</span> <span class='ocrx_word' id='word_1_171' title='bbox 1402 1578 1538 1623; x_wconf 83' lang='lat' dir='ltr'>Guelf.</span> 
     </span>
     <span class='ocr_line' id='line_1_21' title="bbox 97 1645 1540 1690; baseline -0.001 -1"><span class='ocrx_word' id='word_1_172' title='bbox 97 1664 161 1689; x_wconf 84' lang='lat' dir='ltr'>ac.</span> <span class='ocrx_word' id='word_1_173' title='bbox 250 1659 349 1688; x_wconf 84' lang='lat' dir='ltr'>recte</span> <span class='ocrx_word' id='word_1_174' title='bbox 367 1658 402 1687; x_wconf 87' lang='lat' dir='ltr'>et</span> <span class='ocrx_word' id='word_1_175' title='bbox 421 1657 544 1688; x_wconf 80' lang='lat' dir='ltr'>contr.</span> <span class='ocrx_word' id='word_1_176' title='bbox 597 1645 664 1688; x_wconf 89' lang='lat' dir='ltr'>Sio</span> <span class='ocrx_word' id='word_1_177' title='bbox 697 1646 786 1687; x_wconf 83' lang='lat' dir='ltr'>Par.</span> <span class='ocrx_word' id='word_1_178' title='bbox 816 1653 854 1687; x_wconf 91' lang='lat'>1.</span> <span class='ocrx_word' id='word_1_179' title='bbox 913 1650 969 1688; x_wconf 87' lang='lat' dir='ltr'>At</span> <span class='ocrx_word' id='word_1_180' title='bbox 996 1650 1117 1689; x_wconf 89' lang='lat' dir='ltr'>Amb.</span> <span class='ocrx_word' id='word_1_181' title='bbox 1149 1654 1188 1688; x_wconf 90' lang='lat'>1.</span> <span class='ocrx_word' id='word_1_182' title='bbox 1224 1666 1257 1690; x_wconf 89' lang='lat' dir='ltr'>r.</span> <span class='ocrx_word' id='word_1_183' title='bbox 1290 1650 1469 1689; x_wconf 82' lang='lat' dir='ltr'>enaribus</span> <span class='ocrx_word' id='word_1_184' title='bbox 1508 1666 1540 1689; x_wconf 84' lang='lat' dir='ltr'>e.</span> 
     </span>
     <span class='ocr_line' id='line_1_22' title="bbox 97 1713 1542 1768; baseline 0.001 -12"><span class='ocrx_word' id='word_1_185' title='bbox 97 1732 157 1767; x_wconf 86' lang='lat' dir='ltr'>c.,</span> <span class='ocrx_word' id='word_1_186' title='bbox 197 1717 266 1756; x_wconf 87' lang='lat' dir='ltr'>sed</span> <span class='ocrx_word' id='word_1_187' title='bbox 293 1731 377 1761; x_wconf 52' lang='lat' dir='ltr'>sec„</span> <span class='ocrx_word' id='word_1_188' title='bbox 396 1730 452 1754; x_wconf 88' lang='lat' dir='ltr'>m.</span> <span class='ocrx_word' id='word_1_189' title='bbox 483 1717 605 1754; x_wconf 82' lang='lat' dir='ltr'>etiam</span> <span class='ocrx_word' id='word_1_190' title='bbox 637 1731 669 1754; x_wconf 84' lang='lat' dir='ltr'>r.</span> <span class='ocrx_word' id='word_1_191' title='bbox 687 1713 912 1768; x_wconf 78' lang='lat' dir='ltr'>plenaribus</span> <span class='ocrx_word' id='word_1_192' title='bbox 935 1731 965 1753; x_wconf 85' lang='lat' dir='ltr'>e.</span> <span class='ocrx_word' id='word_1_193' title='bbox 989 1729 1023 1754; x_wconf 90' lang='lat' dir='ltr'>c.</span> <span class='ocrx_word' id='word_1_194' title='bbox 1039 1746 1050 1765; x_wconf 84' lang='lat'>,</span> <span class='ocrx_word' id='word_1_195' title='bbox 1092 1731 1186 1754; x_wconf 87' lang='lat' dir='ltr'>cum</span> <span class='ocrx_word' id='word_1_196' title='bbox 1206 1716 1314 1756; x_wconf 90' lang='lat' dir='ltr'>Flor.</span> <span class='ocrx_word' id='word_1_197' title='bbox 1334 1747 1344 1767; x_wconf 92' lang='lat'><strong><em>‚</em></strong></span> <span class='ocrx_word' id='word_1_198' title='bbox 1387 1715 1477 1757; x_wconf 86' lang='lat' dir='ltr'>Par.</span> <span class='ocrx_word' id='word_1_199' title='bbox 1498 1722 1542 1758; x_wconf 87' lang='lat'>2.</span> 
     </span>
     <span class='ocr_line' id='line_1_23' title="bbox 99 1768 1540 1837; baseline 0.001 -15"><span class='ocrx_word' id='word_1_200' title='bbox 99 1800 132 1823; x_wconf 88' lang='lat' dir='ltr'>r.</span> <span class='ocrx_word' id='word_1_201' title='bbox 155 1800 186 1822; x_wconf 84' lang='lat' dir='ltr'>e.</span> <span class='ocrx_word' id='word_1_202' title='bbox 206 1782 428 1837; x_wconf 69' lang='lat' dir='ltr'>ple-naribus</span> <span class='ocrx_word' id='word_1_203' title='bbox 449 1797 482 1821; x_wconf 90' lang='lat' dir='ltr'>c.</span> <span class='ocrx_word' id='word_1_204' title='bbox 531 1780 642 1822; x_wconf 80' lang='lat' dir='ltr'>Sich.</span> <span class='ocrx_word' id='word_1_205' title='bbox 663 1798 696 1821; x_wconf 89' lang='lat' dir='ltr'>r.</span> <span class='ocrx_word' id='word_1_206' title='bbox 719 1799 746 1820; x_wconf 83' lang='lat' dir='ltr'>e.</span> <span class='ocrx_word' id='word_1_207' title='bbox 769 1768 1140 1835; x_wconf 56' lang='lat' dir='ltr'>interpellationibns</span> <span class='ocrx_word' id='word_1_208' title='bbox 1161 1793 1197 1821; x_wconf 81' lang='lat' dir='ltr'>et</span> <span class='ocrx_word' id='word_1_209' title='bbox 1217 1799 1253 1823; x_wconf 83' lang='lat' dir='ltr'>c.</span> <span class='ocrx_word' id='word_1_210' title='bbox 1304 1782 1435 1823; x_wconf 81' lang='lat' dir='ltr'>Colin.</span> <span class='ocrx_word' id='word_1_211' title='bbox 1456 1801 1488 1823; x_wconf 91' lang='lat' dir='ltr'>r.</span> <span class='ocrx_word' id='word_1_212' title='bbox 1508 1801 1540 1825; x_wconf 82' lang='lat' dir='ltr'>e.</span> 
     </span>
     <span class='ocr_line' id='line_1_24' title="bbox 96 1848 1545 1905; baseline 0.002 -17"><span class='ocrx_word' id='word_1_213' title='bbox 96 1849 391 1905; x_wconf 75' lang='lat' dir='ltr'>probationibus</span> <span class='ocrx_word' id='word_1_214' title='bbox 421 1858 456 1887; x_wconf 83' lang='lat' dir='ltr'>ct</span> <span class='ocrx_word' id='word_1_215' title='bbox 485 1865 520 1889; x_wconf 85' lang='lat' dir='ltr'>c.</span> <span class='ocrx_word' id='word_1_216' title='bbox 634 1865 710 1889; x_wconf 79' lang='lat' dir='ltr'>sec.</span> <span class='ocrx_word' id='word_1_217' title='bbox 735 1848 864 1889; x_wconf 80' lang='lat' dir='ltr'>simul.</span> <span class='ocrx_word' id='word_1_218' title='bbox 911 1848 1018 1889; x_wconf 86' lang='lat' dir='ltr'>Flor.</span> <span class='ocrx_word' id='word_1_219' title='bbox 1042 1852 1163 1889; x_wconf 82' lang='lat' dir='ltr'>etiam</span> <span class='ocrx_word' id='word_1_220' title='bbox 1181 1853 1301 1891; x_wconf 83' lang='lat' dir='ltr'>inser.</span> <span class='ocrx_word' id='word_1_221' title='bbox 1319 1850 1545 1905; x_wconf 85' lang='lat' dir='ltr'>plurimum.</span> 
     </span>
     <span class='ocr_line' id='line_1_25' title="bbox 98 1916 1541 1971; baseline 0.002 -15"><span class='ocrx_word' id='word_1_222' title='bbox 98 1920 220 1959; x_wconf 88' lang='lat' dir='ltr'>Amb.</span> <span class='ocrx_word' id='word_1_223' title='bbox 244 1922 280 1957; x_wconf 91' lang='lat'>1.</span> <span class='ocrx_word' id='word_1_224' title='bbox 307 1919 498 1971; x_wconf 82' lang='lat' dir='ltr'>primum,</span> <span class='ocrx_word' id='word_1_225' title='bbox 548 1932 625 1957; x_wconf 84' lang='lat' dir='ltr'>sec.</span> <span class='ocrx_word' id='word_1_226' title='bbox 657 1932 710 1956; x_wconf 86' lang='lat' dir='ltr'>m.</span> <span class='ocrx_word' id='word_1_227' title='bbox 737 1916 961 1971; x_wconf 82' lang='lat' dir='ltr'>plurimum.</span> <span class='ocrx_word' id='word_1_228' title='bbox 1080 1933 1348 1958; x_wconf 77' lang='lat' dir='ltr'>exerceamur.</span> <span class='ocrx_word' id='word_1_229' title='bbox 1402 1918 1541 1960; x_wconf 82' lang='lat' dir='ltr'>Turio.</span> 
     </span>
     <span class='ocr_line' id='line_1_26' title="bbox 101 1983 1545 2041; baseline 0.003 -17"><span class='ocrx_word' id='word_1_230' title='bbox 101 2001 363 2025; x_wconf 75' lang='lat' dir='ltr'>exerceamus,</span> <span class='ocrx_word' id='word_1_231' title='bbox 477 1984 796 2024; x_wconf 75' lang='lat' dir='ltr'>contradictione.</span> <span class='ocrx_word' id='word_1_232' title='bbox 849 1983 977 2025; x_wconf 81' lang='lat' dir='ltr'>Amb.</span> <span class='ocrx_word' id='word_1_233' title='bbox 1016 1987 1053 2024; x_wconf 88' lang='lat'>1.</span> <span class='ocrx_word' id='word_1_234' title='bbox 1091 1999 1115 2024; x_wconf 79' lang='lat' dir='ltr'>a</span> <span class='ocrx_word' id='word_1_235' title='bbox 1142 2000 1222 2026; x_wconf 80' lang='lat' dir='ltr'>sec.</span> <span class='ocrx_word' id='word_1_236' title='bbox 1250 2000 1306 2027; x_wconf 88' lang='lat' dir='ltr'>m.</span> <span class='ocrx_word' id='word_1_237' title='bbox 1345 1989 1545 2041; x_wconf 77' lang='lat' dir='ltr'>expunxit</span> 
     </span>
     <span class='ocr_line' id='line_1_27' title="bbox 101 2051 948 2093; baseline -0.004 0"><span class='ocrx_word' id='word_1_238' title='bbox 101 2069 158 2093; x_wconf 83' lang='lat' dir='ltr'>ne.</span> <span class='ocrx_word' id='word_1_239' title='bbox 245 2068 320 2091; x_wconf 86' lang='lat' dir='ltr'>non</span> <span class='ocrx_word' id='word_1_240' title='bbox 346 2054 459 2091; x_wconf 78' lang='lat' dir='ltr'>enim.</span> <span class='ocrx_word' id='word_1_241' title='bbox 509 2051 635 2092; x_wconf 84' lang='lat' dir='ltr'>Amb.</span> <span class='ocrx_word' id='word_1_242' title='bbox 663 2057 700 2092; x_wconf 83' lang='lat'>1.</span> <span class='ocrx_word' id='word_1_243' title='bbox 733 2067 816 2092; x_wconf 89' lang='lat' dir='ltr'>om.</span> <span class='ocrx_word' id='word_1_244' title='bbox 846 2056 948 2092; x_wconf 50' lang='lat' dir='ltr'>non(</span> 
     </span>
    </p>

    <p class='ocr_par' dir='ltr' id='par_1_10' title="bbox 92 2118 1544 2511">
     <span class='ocr_line' id='line_1_28' title="bbox 216 2118 1541 2174; baseline -0.001 -14"><span class='ocrx_word' id='word_1_245' title='bbox 216 2120 249 2171; x_wconf 59' lang='grc' dir='ltr'>ξ.</span> <span class='ocrx_word' id='word_1_246' title='bbox 279 2124 344 2160; x_wconf 89' lang='grc'>51.</span> <span class='ocrx_word' id='word_1_247' title='bbox 405 2122 573 2159; x_wconf 82' lang='lat' dir='ltr'>nimium.</span> <span class='ocrx_word' id='word_1_248' title='bbox 633 2118 754 2161; x_wconf 85' lang='lat' dir='ltr'>Amb.</span> <span class='ocrx_word' id='word_1_249' title='bbox 796 2125 833 2160; x_wconf 89' lang='lat'>1.</span> <span class='ocrx_word' id='word_1_250' title='bbox 873 2135 1025 2168; x_wconf 83' lang='lat' dir='ltr'><strong><em>maum,</em></strong></span> <span class='ocrx_word' id='word_1_251' title='bbox 1085 2135 1109 2159; x_wconf 85' lang='lat' dir='ltr'>a</span> <span class='ocrx_word' id='word_1_252' title='bbox 1137 2135 1214 2161; x_wconf 84' lang='lat' dir='ltr'>sec.</span> <span class='ocrx_word' id='word_1_253' title='bbox 1245 2135 1303 2160; x_wconf 84' lang='lat' dir='ltr'>m.</span> <span class='ocrx_word' id='word_1_254' title='bbox 1345 2136 1541 2174; x_wconf 81' lang='lat' dir='ltr'>magnum,</span> 
     </span>
     <span class='ocr_line' id='line_1_29' title="bbox 103 2185 1540 2241; baseline 0.001 -13"><span class='ocrx_word' id='word_1_255' title='bbox 103 2201 197 2228; x_wconf 81' lang='lat' dir='ltr'>culn</span> <span class='ocrx_word' id='word_1_256' title='bbox 216 2186 351 2227; x_wconf 83' lang='lat' dir='ltr'>Turio.</span> <span class='ocrx_word' id='word_1_257' title='bbox 372 2186 477 2227; x_wconf 90' lang='lat' dir='ltr'>Flor.</span> <span class='ocrx_word' id='word_1_258' title='bbox 499 2203 521 2227; x_wconf 85' lang='lat' dir='ltr'>a</span> <span class='ocrx_word' id='word_1_259' title='bbox 549 2204 607 2241; x_wconf 88' lang='lat' dir='ltr'>pr.</span> <span class='ocrx_word' id='word_1_260' title='bbox 633 2203 689 2228; x_wconf 89' lang='lat' dir='ltr'>m.</span> <span class='ocrx_word' id='word_1_261' title='bbox 721 2185 859 2240; x_wconf 82' lang='lat' dir='ltr'>Calnp.</span> <span class='ocrx_word' id='word_1_262' title='bbox 970 2186 1129 2228; x_wconf 81' lang='lat' dir='ltr'>soliciti.</span> <span class='ocrx_word' id='word_1_263' title='bbox 1177 2185 1302 2228; x_wconf 82' lang='lat' dir='ltr'>Amb.</span> <span class='ocrx_word' id='word_1_264' title='bbox 1336 2193 1375 2229; x_wconf 86' lang='lat'>1.</span> <span class='ocrx_word' id='word_1_265' title='bbox 1402 2188 1540 2229; x_wconf 69' lang='lat' dir='ltr'>Tusic.</span> 
     </span>
     <span class='ocr_line' id='line_1_30' title="bbox 102 2253 1544 2310; baseline 0 -15"><span class='ocrx_word' id='word_1_266' title='bbox 102 2255 209 2295; x_wconf 87' lang='lat' dir='ltr'>Flor.</span> <span class='ocrx_word' id='word_1_267' title='bbox 241 2269 263 2294; x_wconf 85' lang='lat' dir='ltr'><strong>a</strong></span> <span class='ocrx_word' id='word_1_268' title='bbox 292 2271 349 2308; x_wconf 86' lang='lat' dir='ltr'>pr.</span> <span class='ocrx_word' id='word_1_269' title='bbox 381 2271 436 2294; x_wconf 88' lang='lat' dir='ltr'>m.</span> <span class='ocrx_word' id='word_1_270' title='bbox 468 2254 647 2296; x_wconf 70' lang='lat' dir='ltr'>solh‘citc.</span> <span class='ocrx_word' id='word_1_271' title='bbox 757 2254 895 2308; x_wconf 79' lang='lat' dir='ltr'>judici.</span> <span class='ocrx_word' id='word_1_272' title='bbox 942 2253 1058 2294; x_wconf 82' lang='lat' dir='ltr'>Ahn.</span> <span class='ocrx_word' id='word_1_273' title='bbox 1084 2254 1221 2309; x_wconf 80' lang='lat' dir='ltr'>Camp.</span> <span class='ocrx_word' id='word_1_274' title='bbox 1239 2255 1392 2310; x_wconf 75' lang='lat' dir='ltr'>judicii.</span> <span class='ocrx_word' id='word_1_275' title='bbox 1507 2266 1544 2295; x_wconf 74' lang='lat' dir='ltr'>et</span> 
     </span>
     <span class='ocr_line' id='line_1_31' title="bbox 92 2321 1454 2380; baseline 0.002 -20"><span class='ocrx_word' id='word_1_276' title='bbox 92 2322 207 2380; x_wconf 79' lang='lat' dir='ltr'>freq.</span> <span class='ocrx_word' id='word_1_277' title='bbox 231 2338 340 2376; x_wconf 81' lang='lat' dir='ltr'>quac.</span> <span class='ocrx_word' id='word_1_278' title='bbox 389 2321 514 2363; x_wconf 85' lang='lat' dir='ltr'>Amb.</span> <span class='ocrx_word' id='word_1_279' title='bbox 540 2328 576 2363; x_wconf 89' lang='lat'>1.</span> <span class='ocrx_word' id='word_1_280' title='bbox 589 2323 915 2379; x_wconf 65' lang='lat' dir='ltr'>frequenterque,</span> <span class='ocrx_word' id='word_1_281' title='bbox 947 2338 1024 2362; x_wconf 85' lang='lat' dir='ltr'>sec.</span> <span class='ocrx_word' id='word_1_282' title='bbox 1044 2337 1186 2362; x_wconf 83' lang='lat' dir='ltr'><strong>manus</strong></span> <span class='ocrx_word' id='word_1_283' title='bbox 1211 2324 1321 2363; x_wconf 80' lang='lat' dir='ltr'>addit</span> <span class='ocrx_word' id='word_1_284' title='bbox 1343 2340 1454 2378; x_wconf 84' lang='lat' dir='ltr'>quac.</span> 
     </span>
     <span class='ocr_line' id='line_1_32' title="bbox 105 2388 1543 2446; baseline 0.002 -17"><span class='ocrx_word' id='word_1_285' title='bbox 105 2389 240 2430; x_wconf 82' lang='lat' dir='ltr'>sustul.</span> <span class='ocrx_word' id='word_1_286' title='bbox 291 2388 428 2442; x_wconf 82' lang='lat' dir='ltr'>Camp.</span> <span class='ocrx_word' id='word_1_287' title='bbox 467 2390 629 2431; x_wconf 67' lang='lat' dir='ltr'>substat.</span> <span class='ocrx_word' id='word_1_288' title='bbox 758 2393 862 2446; x_wconf 82' lang='lat' dir='ltr'>quia.</span> <span class='ocrx_word' id='word_1_289' title='bbox 907 2388 1033 2431; x_wconf 85' lang='lat' dir='ltr'>Amb.</span> <span class='ocrx_word' id='word_1_290' title='bbox 1057 2395 1093 2429; x_wconf 90' lang='lat'>1.</span> <span class='ocrx_word' id='word_1_291' title='bbox 1129 2406 1217 2445; x_wconf 81' lang='lat' dir='ltr'>qua.</span> <span class='ocrx_word' id='word_1_292' title='bbox 1337 2402 1543 2445; x_wconf 75' lang='lat' dir='ltr'>patronus.</span> 
     </span>
     <span class='ocr_line' id='line_1_33' title="bbox 106 2456 543 2511; baseline -0.005 -12"><span class='ocrx_word' id='word_1_293' title='bbox 106 2456 231 2499; x_wconf 84' lang='lat' dir='ltr'>Amb.</span> <span class='ocrx_word' id='word_1_294' title='bbox 266 2461 303 2496; x_wconf 91' lang='lat'>1.</span> <span class='ocrx_word' id='word_1_295' title='bbox 331 2473 407 2511; x_wconf 85' lang='lat' dir='ltr'>par</span> <span class='ocrx_word' id='word_1_296' title='bbox 437 2473 543 2497; x_wconf 77' lang='lat' dir='ltr'>onus,</span> 
     </span>
    </p>

    <p class='ocr_par' dir='ltr' id='par_1_11' title="bbox 108 2522 1541 2644">
     <span class='ocr_line' id='line_1_34' title="bbox 220 2522 1541 2576; baseline 0.002 -11"><span class='ocrx_word' id='word_1_297' title='bbox 220 2526 254 2576; x_wconf 84' lang='lat'>§.</span> <span class='ocrx_word' id='word_1_298' title='bbox 287 2528 351 2565; x_wconf 87' lang='lat'>52.</span> <span class='ocrx_word' id='word_1_299' title='bbox 408 2540 507 2563; x_wconf 87' lang='lat' dir='ltr'>omn.</span> <span class='ocrx_word' id='word_1_300' title='bbox 528 2526 568 2562; x_wconf 86' lang='lat' dir='ltr'>z&#39;n</span> <span class='ocrx_word' id='word_1_301' title='bbox 588 2522 668 2563; x_wconf 74' lang='lat' dir='ltr'>Cic.</span> <span class='ocrx_word' id='word_1_302' title='bbox 721 2523 829 2566; x_wconf 88' lang='lat' dir='ltr'>Jens.</span> <span class='ocrx_word' id='word_1_303' title='bbox 858 2522 956 2566; x_wconf 90' lang='lat' dir='ltr'>Loc.</span> <span class='ocrx_word' id='word_1_304' title='bbox 988 2527 1029 2565; x_wconf 87' lang='lat' dir='ltr'>in</span> <span class='ocrx_word' id='word_1_305' title='bbox 1060 2524 1143 2566; x_wconf 89' lang='lat' dir='ltr'>Cic.</span> <span class='ocrx_word' id='word_1_306' title='bbox 1173 2542 1271 2566; x_wconf 85' lang='lat' dir='ltr'>omn.</span> <span class='ocrx_word' id='word_1_307' title='bbox 1329 2525 1438 2567; x_wconf 83' lang='lat' dir='ltr'>Ven.</span> <span class='ocrx_word' id='word_1_308' title='bbox 1463 2542 1541 2569; x_wconf 83' lang='lat' dir='ltr'>om.</span> 
     </span>
     <span class='ocr_line' id='line_1_35' title="bbox 108 2589 1447 2644; baseline 0.002 -13"><span class='ocrx_word' id='word_1_309' title='bbox 108 2595 249 2634; x_wconf 81' lang='lat' dir='ltr'>omnia.</span> <span class='ocrx_word' id='word_1_310' title='bbox 343 2589 535 2632; x_wconf 80' lang='lat' dir='ltr'>Cicerone.</span> <span class='ocrx_word' id='word_1_311' title='bbox 589 2590 726 2644; x_wconf 84' lang='lat' dir='ltr'>Camp.</span> <span class='ocrx_word' id='word_1_312' title='bbox 751 2591 981 2634; x_wconf 77' lang='lat' dir='ltr'>Ciceronem.</span> <span class='ocrx_word' id='word_1_313' title='bbox 1077 2604 1145 2633; x_wconf 83' lang='lat' dir='ltr'>cst.</span> <span class='ocrx_word' id='word_1_314' title='bbox 1195 2595 1317 2634; x_wconf 86' lang='lat' dir='ltr'>Amb.</span> <span class='ocrx_word' id='word_1_315' title='bbox 1340 2599 1377 2634; x_wconf 87' lang='lat'>1.</span> <span class='ocrx_word' id='word_1_316' title='bbox 1399 2606 1447 2635; x_wconf 82' lang='lat' dir='ltr'>et.</span> 
     </span>
    </p>
   </div>
   <div class='ocr_carea' id='block_1_7' title="bbox 109 2657 1541 2767">
    <p class='ocr_par' dir='ltr' id='par_1_12' title="bbox 109 2657 1541 2767">
     <span class='ocr_line' id='line_1_36' title="bbox 109 2657 1541 2714; baseline 0.002 -14"><span class='ocrx_word' id='word_1_317' title='bbox 109 2660 347 2701; x_wconf 67' lang='lat' dir='ltr'>audentibus.</span> <span class='ocrx_word' id='word_1_318' title='bbox 404 2658 527 2699; x_wconf 84' lang='lat' dir='ltr'>Amb.</span> <span class='ocrx_word' id='word_1_319' title='bbox 556 2664 593 2698; x_wconf 88' lang='lat'>1.</span> <span class='ocrx_word' id='word_1_320' title='bbox 627 2665 666 2699; x_wconf 82' lang='lat'>2.</span> <span class='ocrx_word' id='word_1_321' title='bbox 698 2657 834 2700; x_wconf 80' lang='lat' dir='ltr'>Turio.</span> <span class='ocrx_word' id='word_1_322' title='bbox 863 2675 885 2700; x_wconf 76' lang='lat' dir='ltr'>a</span> <span class='ocrx_word' id='word_1_323' title='bbox 911 2676 972 2714; x_wconf 87' lang='lat' dir='ltr'>pr.</span> <span class='ocrx_word' id='word_1_324' title='bbox 1001 2676 1057 2701; x_wconf 92' lang='lat' dir='ltr'>m.</span> <span class='ocrx_word' id='word_1_325' title='bbox 1088 2661 1195 2700; x_wconf 85' lang='lat' dir='ltr'>Flor.</span> <span class='ocrx_word' id='word_1_326' title='bbox 1225 2659 1358 2701; x_wconf 85' lang='lat' dir='ltr'>Guelf.</span> <span class='ocrx_word' id='word_1_327' title='bbox 1381 2662 1541 2703; x_wconf 63' lang='lat' dir='ltr'>audien-</span> 
     </span>
     <span class='ocr_line' id='line_1_37' title="bbox 110 2729 223 2767; baseline 0.018 -2"><span class='ocrx_word' id='word_1_328' title='bbox 110 2729 223 2767; x_wconf 73' lang='lat' dir='ltr'>tibus.</span> 
     </span>
    </p>
   </div>
  </div>
 </body>
</html>
