1804 3091
1424 248 1531 283 xvn

89 364 189 408 que
229 348 473 392 doctoribus
511 348 588 389 leoc
627 361 718 389 esse
749 360 878 388 curae
908 347 1058 395 vele‘m5
1111 347 1237 388 etiam
1267 344 1342 387 lib.
1374 345 1393 387 1
1425 356 1532 389 extr.

88 430 212 472 «ledet
251 433 361 471 em'm
399 428 478 470 lzoc
526 440 734 483 quoque
777 426 1074 481 providentia
1096 424 1335 473 hominibus·
1372 440 1532 469 munus.

91 508 248 550 Verum
288 506 526 549 continebis
566 516 706 548 tamen
738 519 978 555 assensum,
1039 505 1077 546 si
1108 503 1205 546 aliis
1235 520 1399 561 quoque
1428 505 1534 549 locis

87 586 120 637 l,
154 591 229 638 12,
264 590 315 628 10
343 596 385 627 et
415 586 472 637 Ἓξ
505 590 554 637 5,
589 590 609 627 1
641 588 684 627 in
715 583 1000 627 eoden1ljbr0
1029 584 1207 625 eandeni
1238 597 1387 632 vocent
1417 600 1536 641 pror-

87 680 158 707 sus
201 674 358 706 temere
397 665 495 707 addi
538 664 707 706 videris.
795 663 927 705 Porro
967 664 1010 703 in
1059 663 1301 704 universum
1348 667 1537 706 censenti

87 746 246 800 primae
287 743 435 786 classis
474 742 576 786 libri
614 743 744 785 alieni
783 742 978 782 videntur
1009 755 1102 782 esse
1130 754 1156 781 a
1184 742 1533 795 correctionibus,

89 837 191 878 quas
223 822 312 864 fere
343 823 481 864 dicere
510 825 555 864 in
587 831 676 863 arte
705 823 851 863 critica
880 819 1081 870 solemus,
1111 819 1155 860 id
1182 828 1246 861 est
1264 818 1536 863 librariorum

87 900 394 946 mutationibus
433 901 486 942 ad
532 901 671 943 levem
711 897 1093 941 verisimilitudinis
1130 898 1213 939 vels
1238 903 1535 953 grammaticae

91 982 411 1021 convenientiae
453 982 636 1036 speciem
679 979 896 1020 institutis.
981 977 1040 1019 At
1077 977 1242 1019 videbis
1284 987 1423 1021 tamen
1462 995 1536 1022 eos

91 1058 204 1100 haud
231 1061 289 1099 ita
320 1073 416 1099 raro
446 1067 518 1100 aut
547 1072 708 1108 omnes,
741 1065 812 1098 aut
842 1069 974 1096 unum
1003 1064 1043 1094 et
1064 1054 1243 1098 alterum
1265 1059 1323 1098 ita
1343 1072 1534 1112 peccare,

91 1146 137 1178 ut
165 1139 405 1192 proxhnuni
435 1135 610 1177 verbuni
641 1133 1173 1188 adcasunilnaecedenfis
1203 1139 1534 1189 acconnnodenss

88 1217 196 1256 sicut
225 1229 264 1256 v·
284 1230 319 1256 c.
348 1217 391 1256 in
425 1213 569 1255 Turio.
600 1214 633 1256 F
637 1213 714 1255 lor.
746 1212 859 1254 Alm.
890 1210 963 1252 lib.
995 1210 1072 1262 ΙΙΙ,
1099 1215 1138 1263 6,
1162 1217 1214 1254 12
1243 1222 1306 1254 est
1335 1218 1541 1258 intestati

89 1292 282 1345 heredis,
322 1308 416 1337 cum
457 1308 550 1334 esse
592 1292 745 1334 debeat
768 1295 974 1333 intestati
1000 1289 1146 1340 heres,
1195 1299 1238 1331 et
1269 1290 1377 1343 VII,
1408 1298 1455 1344 1,
1483 1298 1534 1336 58

88 1374 134 1414 in
163 1372 307 1414 Turic.
326 1371 438 1413 Aim.
470 1374 579 1413 sicut
604 1374 649 1413 in
680 1370 819 1413 Guelf.
849 1374 1053 1411 rusticum
1084 1373 1350 1411 innocentem
1377 1386 1454 1426 pro
1485 1387 1535 1414 eo

89 1451 202 1506 quod
233 1460 296 1492 est
324 1455 528 1492 rusticum
554 1454 788 1491 innocenti.
861 1447 1053 1505 Cumque
1083 1446 1176 1490 laus
1207 1450 1461 1505 integritatis
1490 1453 1536 1493 in

89 1528 234 1570 Turic.
258 1538 299 1570 et
316 1530 349 1570 F
352 1528 431 1570 lor.
457 1529 600 1570 codice
623 1541 707 1568 non
726 1529 934 1582 pertineat
963 1530 1045 1569 nisi
1075 1529 1128 1570 ad
1156 1529 1335 1583 primam
1364 1543 1537 1571 manum

90 1621 259 1648 coruni-
311 1609 458 1662 negari
499 1616 638 1648 stunen
678 1620 761 1646 non
802 1615 965 1661 Iunest,
1017 1605 1150 1646 ahera
1190 1621 1342 1661 inanu‚
1395 1623 1536 1663 quanb

89 1688 154 1727 vis
199 1701 251 1726 ea
291 1686 379 1726 sere
421 1687 474 1727 ad
522 1685 696 1726 alterius
747 1682 895 1744 classis
941 1682 1074 1724 libros
1112 1683 1313 1736 inclinet,
1368 1697 1539 1742 peccata

90 1778 391 1819 nonnunquam
420 1765 655 1805 rectissime
685 1763 916 1813 emendari,
949 1762 1017 1803 vel
1046 1764 1173 1803 etiam
1204 1763 1256 1803 ad
1286 1762 1415 1806 fidem
1433 1765 1540 1807 Am-

89 1843 280 1884 brosiani
308 1841 328 1882 1
358 1841 593 1882 reformari.
654 1840 771 1889 Quid
800 1840 961 1895 igitur?-
1020 1839 1135 1881 Num
1176 1842 1221 1882 id
1260 1844 1450 1897 agimus,
1491 1854 1538 1885 ut

92 1917 377 1959 convellamus
427 1933 620 1969 rursum,
671 1932 776 1973 quae
818 1916 942 1972 paulo
981 1927 1078 1959 ante
1122 1918 1246 1963 nobis
1283 1930 1395 1962 recte
1438 1937 1538 1964 con-

91 1998 298 2037 struxisse
338 1995 612 2037 videbamur}
686 1995 865 2037 Minime
903 2010 1018 2036 vero.
1097 1996 1181 2038 Sed
1225 2012 1373 2039 cavere
1415 1999 1539 2042 volu-

91 2088 208 2124 mus,
252 2088 305 2114 ne
337 2076 429 2129 quis
455 2083 673 2130 perspecta
716 2075 907 2116 codicum
943 2076 1144 2116 universa
1172 2078 1335 2118 ratione
1368 2093 1539 2121 omnem

90 2166 181 2192 rem
214 2153 305 2205 jam
348 2153 399 2193 ad
449 2168 598 2195 manus
646 2155 807 2195 redisse
853 2161 996 2208 putet,
1050 2155 1160 2195 sicut
1205 2169 1338 2211 nuper
1385 2156 1538 2214 aliquis

91 2232 238 2270 nescio
279 2240 418 2272 utrum
457 2233 589 2273 risum
619 2240 815 2287 captans,
863 2246 918 2272 an
948 2233 1158 2286 opinionis
1200 2248 1343 2274 errore
1390 2248 1540 2277 revera

91 2307 318 2350 arbitratus
357 2319 432 2350 est.
491 2308 602 2350 Nam
647 2312 811 2361 critice,
865 2325 959 2351 cum
991 2325 1146 2360 nomen
1177 2314 1385 2367 acceperit
1415 2327 1439 2353 a
1465 2315 1538 2367 ju-

93 2386 550 2441 ‹ficando,-judhfiun1
590 2404 804 2444 nunquani
840 2404 925 2430 non
966 2404 991 2429 ιι
1028 2404 1074 2439 se
1105 2389 1298 2445 ahenuni
1327 2391 1536 2432 censebit:

93 2478 240 2505 verum
275 2479 338 2514 eo
365 2468 437 2520 qui
476 2476 649 2507 naturae
689 2469 793 2508 vitio
824 2483 909 2509 non
940 2467 1105 2524 egebit,
1153 2468 1280 2510 facile
1310 2469 1536 2526 intelliget,

94 2557 175 2597 quo
216 2542 321 2584 tales
355 2543 676 2591 ‚observationes
716 2548 953 2602 pertineant
974 2556 1034 2591 ,et
1073 2557 1279 2602 quatenus
1318 2550 1414 2589 usui
1444 2563 1537 2590 esse

96 2620 288 2662 debeant.

1154 2716 1232 2744 71⁴⁵*
