1775 3091
196 234 278 275 248
634 236 905 291 Supplementa
933 239 1192 278 annotationis
1256 270 1259 272 ,

200 344 336 402 fuisse.
404 346 541 402 Camp.
584 350 812 402 respexisse.
924 351 1177 406 prcflusrisse.
1236 350 1375 405 Camp.
1418 354 1636 407 profluisse.

291 432 365 454 non
395 419 534 471 utique.
593 413 714 454 Amb.
747 420 784 455 1.
815 414 862 469 (a
893 432 968 456 sec.
1000 431 1054 456 m.
1085 433 1201 470 super
1227 419 1414 474 lituram)
1452 419 1562 468 Flor.,
1591 423 1640 462 ac

205 497 243 523 n.
273 486 418 536 utique.
531 484 596 536 qui
622 493 773 523 vestem.
833 481 954 524 Goth.
979 501 1049 538 per
1077 495 1230 524 vestem.

317 552 354 600 §.
389 555 453 589 10.
512 549 746 603 adjunctum.
803 550 908 590 Flor.
949 566 1106 605 quoque
1145 567 1167 590 a
1196 567 1255 605 pr.
1285 567 1341 592 m.
1379 552 1575 608 adjutum,
1618 569 1642 594 a

209 629 287 655 seo.
320 616 528 656 advictum.
615 616 781 657 ducitur.
822 617 888 658 Sic
918 621 1039 657 etiam
1070 618 1175 658 Flor.
1223 621 1259 658 si
1287 622 1477 661 inimicus.
1518 619 1641 662 Amb.

209 687 252 723 2.
291 682 403 722 Voss.
434 687 471 722 1.
504 689 542 723 3.
581 687 709 724 omitt.
749 687 796 726 si.
910 689 1078 726 minatus
1115 697 1216 727 ante.
1287 686 1426 742 Camp.
1470 698 1509 729 et
1549 690 1639 730 edd.

209 763 321 788 meae
348 758 437 788 ante
457 748 585 792 Stoer.
618 768 656 792 a.
679 768 730 792 m.
773 750 895 793 Goth.
927 768 1002 794 om.
1031 765 1131 796 ante.
1219 754 1349 795 eodem
1378 755 1477 797 Ioco.
1514 755 1641 799 Amb.

214 820 253 856 1.
280 819 397 856 inser.
431 820 484 856 in.

323 884 360 934 §.
394 889 458 925 11.
516 897 605 925 sunt
632 911 688 918 ——
715 889 873 942 utrique.
930 887 1040 927 Haec
1066 890 1214 927 omittit
1241 886 1364 927 Aan.
1388 893 1425 928 1.
1519 892 1642 943 parti.

209 947 335 991 Amb.
361 956 398 992 1.
426 956 591 1007 partim,
630 956 700 994 sed
727 957 780 994 im
816 971 838 994 a
866 971 943 996 sec.
973 970 1028 994 m.
1143 966 1177 993 et
1206 957 1394 1010 veneficii.
1453 954 1590 996 Turio.
1623 971 1646 997 a

209 1032 270 1070 pr.
304 1033 359 1058 m.
406 1019 532 1060 Amb.
563 1028 603 1062 2.
641 1034 676 1062 et
714 1025 885 1079 venefici.
955 1022 1094 1076 Camp.
1137 1037 1217 1062 om.
1263 1033 1311 1062 et.
1425 1022 1646 1063 cruditatis.

211 1082 345 1125 Guelf.
387 1085 509 1129 Goth.
550 1089 667 1131 Voss.
699 1098 738 1132 2.
781 1091 1033 1131 crudelitatis.
1150 1092 1191 1128 in
1223 1101 1388 1144 pectore.
1446 1088 1571 1130 Amb.
1606 1095 1645 1131 1.

210 1164 453 1205 auspectore,
484 1159 760 1211 supperaddita
790 1174 928 1209 cruce,
959 1161 1071 1211 signo
1095 1158 1246 1197 mendi.
1307 1168 1529 1212 anspeclore
1557 1157 1647 1197 Tu-

210 1222 282 1261 rio.
314 1237 336 1262 a
362 1238 422 1276 pr.
450 1239 505 1264 m.
620 1228 660 1264 in
690 1242 772 1280 quo.
830 1225 897 1266 Sic
929 1228 1048 1264 etiam
1070 1224 1178 1264 Flor.
1209 1222 1334 1264 Amb.
1357 1230 1397 1266 2.
1428 1224 1519 1274 Par.
1545 1230 1582 1266 1.
1605 1231 1645 1266 2.

213 1293 253 1330 3.
362 1291 533 1345 perinde.
591 1291 715 1332 Amb.
740 1298 775 1332 1.
808 1308 965 1347 quoque
992 1291 1165 1347 proinde.

326 1358 362 1407 §.
395 1363 461 1398 12.
521 1359 693 1414 quidem,
735 1361 802 1399 secl
831 1378 904 1401 non
935 1377 1016 1403 nec.
1073 1358 1198 1400 Amb.
1231 1365 1268 1400 1.
1299 1359 1435 1400 Turio.
1468 1375 1569 1413 apr.
1589 1375 1646 1401 m.

215 1423 367 1477 quidem
397 1442 472 1464 non
507 1429 582 1465 sint
620 1444 722 1476 netu,
776 1443 798 1467 a
833 1443 911 1467 sec.
949 1443 1003 1467 m.
1045 1445 1079 1482 q.
1121 1439 1156 1466 et
1186 1444 1259 1467 non
1288 1429 1364 1466 sint
1392 1443 1471 1467 nec.
1529 1425 1647 1469 Alm.

214 1506 252 1545 q.
285 1508 358 1531 non
386 1503 474 1530 sunt
502 1510 581 1533 nec.
648 1493 756 1534 Flor.
798 1511 836 1548 q.
875 1494 942 1533 secl
980 1511 1054 1533 non
1092 1498 1168 1533 sint
1205 1511 1285 1534 nec.
1400 1494 1647 1533 Atalantam.

212 1556 340 1599 Amb.
373 1565 409 1599 1.
448 1558 584 1600 Turio.
622 1559 730 1601 Flor.
768 1560 892 1601 Amb.
925 1567 963 1602 2.
1008 1561 1229 1600 atalantem.
1288 1559 1409 1601 Goth.
1449 1561 1650 1600 Athalan-

214 1624 335 1666 tham.
406 1625 539 1666 Guelf.
580 1627 688 1668 Jens.
728 1627 868 1681 Camp.
906 1628 1180 1668 Athalantam.
1245 1626 1363 1667 Voss.
1397 1632 1436 1667 3.
1473 1628 1650 1667 Athlan-

213 1701 303 1732 tem.
421 1693 573 1745 Quodsi
614 1699 862 1749 receperimus
890 1712 1034 1736 vercor.
1091 1694 1215 1736 Aan.
1252 1700 1289 1735 1.
1336 1711 1407 1749 quo
1439 1697 1475 1733 si
1504 1698 1650 1750 recipc-

216 1760 337 1798 rimus
364 1776 467 1801 ver0.

328 1827 366 1877 §.
410 1833 475 1869 13.
543 1827 823 1883 Areopagitae.
892 1828 1027 1870 Guelf.
1074 1827 1215 1882 Camp.
1262 1826 1361 1869 LOG.
1406 1827 1516 1869 Ven.
1556 1826 1651 1871 Ald.

213 1890 487 1948 Ariopagitae.
611 1896 901 1938 damnaverunt.
968 1897 1092 1937 Amb.
1137 1902 1174 1936 1.
1210 1903 1248 1937 2.
1288 1896 1396 1936 Flor.
1437 1894 1571 1937 Guelf.
1612 1907 1652 1939 et

215 1959 320 2001 Edd.
353 1977 375 2001 a
403 1962 510 2003 Jens.
543 1963 591 2002 ad
620 1963 718 2004 Ald.
749 1964 1028 2004 damnaverint.
1115 1967 1366 2003 coturnicum.
1418 1961 1538 2004 Goth.
1562 1981 1652 2004 cor-

215 2030 356 2069 nicum.
468 2024 671 2072 eruentem.
728 2029 852 2070 Amb.
878 2037 894 2070 1
920 2031 1133 2087 fruentem.
1193 2030 1328 2071 Turio.
1360 2046 1381 2069 a
1402 2047 1460 2084 pr.
1482 2047 1535 2072 m.
1554 2032 1652 2088 fir-

216 2106 383 2147 ventem,
431 2113 453 2136 a
481 2114 558 2138 sec.
591 2114 647 2139 m.
671 2097 876 2155 ferentem.
934 2097 1067 2138 Guelf.
1111 2114 1133 2137 a
1160 2114 1220 2152 pr.
1259 2114 1314 2139 m.
1348 2109 1577 2147 cernentem,
1625 2114 1649 2139 a

215 2176 295 2203 sec.
335 2178 391 2203 m.
432 2177 652 2207 cernentem.
725 2165 834 2205 aliud
867 2165 1077 2220 judicasse.
1134 2166 1258 2206 Amb.
1293 2171 1329 2205 1.
1369 2165 1503 2205 Turio.
1540 2165 1648 2207 Flor.

217 2222 478 2283 adjudicasse.
592 2232 806 2287 multisque.
866 2232 982 2273 Voss.
1007 2237 1044 2272 3.
1088 2231 1227 2285 Camp.
1259 2231 1401 2271 multis.
1515 2231 1652 2287 Spurii

218 2296 366 2337 DIaelii
391 2323 446 2329 —
474 2299 635 2340 Manlii.
706 2299 830 2341 Amb.
861 2306 901 2341 2.
942 2299 1067 2354 Spuri
1102 2299 1211 2339 Meli
1237 2324 1293 2331 —
1331 2298 1481 2340 Manli.
1595 2310 1651 2339 est

220 2367 338 2403 exist.
394 2365 484 2407 Par.
514 2373 554 2407 2.
587 2383 740 2422 quoque
758 2366 847 2423 fuit
878 2369 993 2406 exist.

331 2433 367 2484 §.
401 2434 466 2473 14.
501 2433 778 2491 familiariter.
828 2433 949 2475 Goth.
971 2434 1086 2475 Voss.
1111 2433 1456 2490 2.familia<ritate.
1512 2433 1647 2487 Camp-

213 2499 494 2556 familiaritas.
609 2518 681 2541 am.
711 2504 791 2540 uti:
841 2512 881 2539 ut
906 2501 1014 2557 fort.
1070 2500 1194 2541 Amb.
1231 2506 1268 2541 1.
1311 2501 1417 2540 Flor.
1450 2516 1472 2539 a
1504 2516 1562 2554 pr.
1591 2516 1647 2540 m.

220 2569 341 2605 etiam
378 2584 454 2607 am.
494 2578 562 2608 aut
586 2567 692 2624 fort.
748 2566 872 2608 Amb.
904 2574 942 2608 2.
983 2583 1141 2623 quoque
1170 2584 1246 2608 am.
1277 2571 1334 2607 uti
1356 2567 1453 2622 fort.
1562 2565 1649 2605 vul-

221 2648 317 2671 sum.
373 2636 493 2674 Amb.
518 2639 555 2675 1.
593 2634 754 2675 volsum.
864 2633 1057 2689 fractum.
1123 2634 1259 2674 Turic.
1297 2634 1404 2674 Flor.
1447 2649 1469 2673 a
1499 2649 1558 2686 pr.
1589 2648 1644 2673 m.

211 2697 406 2754 fructum.
527 2711 562 2739 et
594 2717 746 2756 parum.
810 2698 936 2742 Amb.
967 2707 1004 2742 1.
1047 2702 1154 2742 Flor.
1194 2717 1352 2758 quoque
1393 2711 1458 2749 aut
1492 2716 1645 2755 parum.
