1775 3091
162 259 251 301 234.
604 253 875 310 Supplementa
902 254 1164 293 annotationis

159 370 263 413 Bad,
297 369 448 412 Cel-vic,
475 370 578 412 Obr.
607 365 702 422 quial
731 381 883 405 causae.
994 375 1132 420 postea
1160 381 1247 407 acc.
1313 363 1449 406 Guelf.
1479 365 1595 405 inser.

160 438 254 494 quid
281 455 340 478 ea.

272 508 308 559 §.
338 506 377 544 4.
433 501 589 542 multas.
647 498 768 542 Amb.
800 506 837 542 1.
867 506 907 542 2.
937 499 1089 541 multos.
1203 516 1356 541 causas.
1413 498 1537 540 Amb.
1559 504 1597 539 1.

160 590 297 623 casus,
348 573 510 625 optime.
623 571 765 624 inique.
828 567 949 609 Amb.
982 574 1019 609 1.
1057 569 1242 623 iniquum.
1295 566 1407 609 Alm.
1439 570 1595 607 inicum.

161 639 302 682 Turio.
330 641 492 679 initium.
616 640 743 678 etiam.
786 651 867 677 om.
901 634 1037 677 Guelf.
1145 635 1403 691 jurijurando.
1460 633 1596 676 Guelf-

158 708 266 749 Flor.
289 723 311 747 a
329 722 404 747 sec.
424 720 476 744 m.
496 705 763 759 jurejurando.

273 777 307 827 §.
338 778 376 815 5.
436 783 575 813 autem.
633 771 773 826 Camp.
803 774 931 812 etiam.
1044 781 1083 809 et
1105 769 1270 810 decreta.
1327 768 1426 809 ΑΜ.
1448 768 1512 808 vel
1530 767 1598 807 de·-

159 852 280 883 creta.
390 842 629 896 principum.
681 839 818 880 Turio.
836 840 1086 894 principium.
1201 837 1264 876 vel
1285 841 1598 890 magistratuum.

158 909 296 950 Turio.
315 907 379 948 vcl
397 910 724 961 magistrativum.
783 907 893 948 Jens.
917 915 956 946 et
975 906 1065 946 edd.
1089 913 1180 944 ante
1202 903 1355 958 Gryph.
1374 920 1460 944 exc.
1484 904 1597 944 Sich.

159 987 196 1016 et
212 967 524 1029 magisirssatuum.
640 975 986 1030 quantulacunque.
1044 971 1169 1013 Amb.
1192 977 1226 1012 1.
1251 979 1289 1013 2.
1317 971 1423 1012 Flor.
1443 970 1532 1011 Par.
1558 976 1598 1011 1.

160 1049 202 1086 5.
223 1043 610 1099 quantulumcunque.
725 1042 790 1082 vel
807 1041 1023 1083 eorundem.
1082 1040 1208 1081 Amb.
1233 1045 1270 1082 1.
1290 1038 1389 1080 Ajd.
1411 1042 1599 1078 omittunt

157 1110 235 1151 vel.
290 1110 382 1151 Par.
422 1117 460 1151 2.
496 1126 575 1150 om.
708 1109 772 1150 vel
808 1109 985 1163 ejusdem.
1056 1107 1263 1151 Omittuut
1301 1122 1458 1162 quoque
1489 1105 1597 1146 Flor.

158 1178 285 1220 Amb.
317 1185 357 1219 2.
392 1177 483 1218 Par.
516 1183 554 1218 1.
593 1177 706 1218 Sich.
818 1180 1024 1232 posterior.
1084 1175 1210 1216 Amb.
1240 1180 1277 1215 1.
1316 1174 1453 1215 Turio.
1488 1173 1598 1213 Flor.

159 1246 300 1300 Camp.
340 1246 429 1287 Par.
464 1252 503 1286 1.
538 1249 809 1300 posteriorum.
869 1242 993 1285 Goth.
1022 1246 1249 1298 posteriore.
1361 1244 1598 1288 constitutio.

161 1313 284 1356 Goth.
308 1317 591 1354 constitutione.
648 1313 742 1354 Post
760 1313 837 1352 hoc
856 1314 1025 1352 verbum
1042 1310 1178 1351 Turio.
1198 1310 1307 1351 Flor.
1320 1341 1341 1362 5
1371 1318 1539 1363 uterque
1561 1323 1596 1348 a.

158 1396 219 1435 pr.
249 1397 329 1432 111.‚
372 1384 510 1420 insert.
535 1398 633 1435 quac
653 1383 703 1419 sit
730 1383 871 1435 priora
892 1381 1129 1419 constitutio.
1242 1380 1307 1418 εἰτ.
1367 1375 1507 1431 Camp.
1527 1378 1599 1432 fii.

158 1465 259 1503 quae
284 1451 331 1489 si.
385 1448 512 1489 Amb.
548 1453 587 1487 1.
622 1463 645 1487 a
670 1464 729 1501 pr.
760 1463 815 1488 m.
849 1463 926 1501 qua
945 1449 992 1486 si.

724 1580 755 1621 C
787 1596 813 1621 A
846 1597 885 1621 r.
942 1578 1051 1621 III.

272 1672 444 1711 Famam.
510 1670 636 1711 Δῃὼ.
683 1675 719 1710 1.
759 1670 893 1726 fama.
1029 1685 1262 1710 consensum.
1327 1667 1463 1709 Turio.
1505 1685 1598 1708 con-

157 1757 282 1781 sensu.
412 1749 445 1777 et
482 1738 597 1777 velut.
656 1735 795 1790 Camp.
832 1752 910 1776 om.
935 1747 983 1776 et.
1109 1739 1225 1776 eiiam,
1275 1739 1598 1775 innocentissimo.

158 1808 297 1849 Turio.
328 1825 360 1847 e.
381 1818 421 1845 at
451 1806 585 1861 (quod
602 1821 679 1844 sec.
698 1821 754 1844 m.
785 1804 915 1857 delet)
947 1806 1295 1854 incontentissimo,
1335 1819 1428 1842 cum
1448 1803 1551 1843 Flor.
1576 1819 1599 1842 a

159 1892 217 1930 pr.
249 1892 303 1916 m.
414 1874 670 1927 vulganiimn.
729 1872 852 1912 Amb.
881 1877 914 1911 1.
948 1877 987 1911 2.
1017 1871 1121 1911 Flor.
1148 1865 1249 1911 Par.
1275 1876 1310 1910 1.
1341 1877 1380 1911 2.
1411 1876 1449 1910 3.
1480 1874 1600 1909 etiam

158 1943 391 1996 vulgarium.
505 1944 690 1995 utrinque.
740 1940 875 1980 Turio.
896 1939 1012 1988 Flou,
1042 1949 1208 1994 uterque
1232 1955 1253 1978 a
1269 1955 1328 1992 pr.
1355 1953 1410 1979 m.
1430 1936 1546 1979 Voss.
1561 1943 1598 1978 1.

157 2022 371 2066 utrumque.

726 2095 757 2137 C
788 2111 816 2136 A
846 2112 883 2136 Ρ.
941 2094 1028 2136 IV.

271 2193 307 2244 §.
343 2195 379 2229 1.
439 2192 479 2228 in
499 2201 612 2229 torm.
669 2186 792 2228 Amb.
817 2192 851 2226 1.
871 2201 950 2226 om.
973 2189 1028 2226 in.
1143 2200 1250 2224 vcra.
1299 2182 1434 2222 Turio.
1461 2180 1597 2222 Guelf.

160 2257 284 2299 Goth.
315 2257 439 2298 Amb.
463 2263 501 2297 2.
531 2273 676 2295 veram.
778 2243 955 2310 faiondi.
1016 2251 1151 2292 Guelf.
1171 2251 1370 2307 faciendi.
1485 2266 1598 2305 saepe

159 2329 275 2365 etiam
305 2341 462 2364 causam
485 2324 612 2381 falsa.
670 2321 793 2363 Amb.
824 2327 859 2361 1.
890 2320 1024 2360 Turio.
1055 2319 1160 2358 Flor.
1192 2318 1304 2358 ΑΒΗ.
1340 2320 1599 2371 quaestionem

159 2392 363 2447 velfalsa.
423 2390 562 2445 Camp.
585 2406 740 2446 quoque
760 2393 876 2428 inser.
895 2388 957 2427 rel
973 2391 1075 2427 inter
1095 2403 1212 2426 causa
1235 2385 1413 2441 etfalsa.
1461 2383 1595 2425 Guelf.

148 2460 261 2517 falsi
288 2461 368 2500 dat.
480 2459 733 2498 mendacium.
793 2456 926 2495 Turio.
958 2470 979 2493 a
1015 2471 1074 2508 pr.
1104 2470 1160 2494 m.
1203 2453 1514 2502 mendicantium,
1573 2466 1597 2490 a

160 2543 238 2567 sec.
269 2543 324 2567 m.
356 2527 623 2566 indicantium.
726 2522 879 2580 faciat.
936 2522 1060 2562 Amb.
1099 2527 1136 2562 1.
1172 2520 1307 2561 Turio.
1340 2521 1446 2560 Flor.
1477 2518 1593 2559 Alm.

147 2594 278 2650 facti.
392 2595 493 2634 aliis.
552 2593 690 2645 Camp.
710 2591 794 2630 alii.
906 2592 1128 2644 infirmitas.
1187 2587 1311 2628 Amb.
1336 2593 1372 2627 1.
1397 2603 1419 2626 a
1438 2602 1514 2625 sec.
1536 2600 1591 2640 m.

162 2663 200 2700 in
237 2665 383 2702 rmatis.
438 2663 552 2702 Alm.
575 2664 611 2700 in
648 2661 827 2698 rmitatis.
925 2657 1033 2707 Quid
1050 2659 1196 2695 attinet.
1253 2654 1431 2694 A1nb.1.
1455 2652 1593 2704 (ΒΜΓ-Ρ.

163 2728 265 2783 quod
297 2739 364 2769 ait.
477 2730 523 2767 dc
552 2729 614 2768 ln's
640 2727 767 2782 plura.
825 2722 947 2764 Goth.
975 2724 1082 2765 Jens.
1114 2734 1152 2763 et
1175 2724 1263 2762 edd.
1289 2731 1379 2762 ante
1402 2719 1529 2761 Stoer.
1551 2735 1593 2773 ρ.
