1775 3091
267 299 345 339 114
702 294 970 351 Supplemenla
995 298 1252 337 annotationis

263 410 385 452 Nullo
424 418 573 464 puncto
609 409 838 461 interposito
877 418 914 448 et
949 411 1064 449 instr.
1101 407 1242 451 Turic.
1269 408 1382 452 Alm.
1414 409 1521 452 Flor.
1553 410 1692 467 Camp.

351 489 386 518 et
416 481 456 517 in
484 476 541 516 id.
596 487 631 515 et
667 491 746 515 om.
785 478 907 515 eiiam
943 475 1071 516 Amb.
1099 481 1161 524 1.,
1198 480 1286 517 rell.
1315 481 1402 531 sil.;
1452 481 1602 531 primus
1629 483 1695 519 in-

266 552 387 588 seruit
425 547 537 587 Sich.
660 542 817 598 opifex.
881 543 1036 602 artifex
1073 542 1212 585 Turio.
1251 544 1357 585 Flor.
1398 544 1518 586 Bodl.
1558 545 1694 600 Camp.

267 616 398 656 Andr.
429 614 529 655 Obr.
559 613 650 651 fort.
687 608 813 652 Amb.
842 615 881 652 1.
996 610 1156 652 dicturi.
1212 615 1422 653 tractaturi
1448 612 1555 654 Flor.

808 1078 851 1123 L
886 1090 907 1122 1
941 1091 989 1124 B.
1057 1077 1162 1124 III.

267 1193 487 1267 Inscriptio
515 1211 633 1263 hujus
660 1212 754 1249 libri
788 1211 833 1249 in
874 1209 998 1251 Amb.
1026 1215 1063 1251 1.
1104 1210 1230 1251 haec:
1285 1216 1321 1251 1.
1356 1209 1622 1251 Prohoemium
1655 1212 1702 1251 de

269 1281 521 1337 scriptoribus
571 1280 668 1317 ariis
716 1278 944 1319 rhetoricae.
1026 1284 1066 1319 2.
1121 1277 1235 1331 Quod
1280 1280 1431 1317 initium
1479 1279 1700 1320 rhetorices,

270 1357 310 1392 3.
351 1350 459 1401 Quae
483 1357 629 1402 partes.
698 1347 736 1384 4.
772 1345 878 1396 Quae
903 1363 1046 1398 genera
1077 1362 1294 1386 causarum.
1359 1350 1397 1386 5.
1432 1345 1577 1398 Quibus
1606 1363 1702 1386 con-

269 1422 437 1457 tincatur
475 1417 598 1455 omnis
636 1416 737 1453 ratio
775 1412 940 1453 dicendi.
1010 1418 1047 1453 6.
1088 1412 1191 1464 Quid
1227 1415 1276 1451 sit
1315 1423 1451 1453 status.
1517 1417 1557 1453 7.
1593 1413 1702 1451 Unde

271 1485 449 1524 ducatur.
507 1487 546 1522 8.
581 1481 681 1532 Quot
711 1491 744 1519 et
774 1482 839 1534 qui
867 1491 1004 1521 status.
1066 1485 1103 1522 9.
1135 1481 1197 1519 Dc
1220 1479 1333 1519 laude
1355 1491 1387 1518 et
1408 1482 1699 1534 vituperatione.

272 1558 338 1592 10.
380 1552 441 1590 Dc
477 1551 656 1589 suasoria
692 1559 729 1587 et
762 1551 1035 1602 prosopopoia.
1106 1553 1172 1588 11.
1203 1548 1265 1586 De
1289 1548 1468 1602 partibus
1497 1563 1703 1586 causarum

264 1618 524 1674 judicialium.
577 1621 641 1656 12.
663 1616 724 1653 Dc
742 1615 942 1668 generibus
968 1614 1184 1653 earundem.
1245 1620 1310 1655 13.
1346 1614 1450 1666 Quid
1477 1617 1528 1653 sit
1558 1617 1701 1667 questio

263 1687 455 1741 judicatio
487 1680 592 1738 (sic)
622 1685 838 1732 continens,
877 1692 912 1720 et
931 1692 1114 1736 quatenus
1134 1684 1366 1722 neccssaria.
1424 1680 1554 1722 Ceteri
1584 1682 1700 1721 codd.

268 1757 386 1794 inser.
417 1760 565 1792 carent.

854 1858 1023 1902 CAP.
1079 1857 1113 1902 I.

383 1955 421 2004 §.
455 1959 493 1994 1.
551 1950 687 1992 Turio.
717 1949 823 1990 Flor.
855 1948 981 1990 Amb.
1010 1955 1047 1990 1.
1079 1956 1118 1991 2.
1155 1947 1290 1990 Guelf.
1321 1951 1439 1989 inser.
1470 1951 1589 1991 dant:
1638 1951 1701 1991 Dc

270 2021 525 2076 scriptoribus
557 2021 666 2059 artis-
685 2017 901 2057 rhetoricae
938 2016 1042 2071 (nisi
1070 2018 1176 2072 quod
1204 2016 1330 2057 Amb.
1353 2022 1390 2057 1.
1420 2017 1525 2058 Flor.
1556 2021 1701 2058 iterum
1774 2041 1775 2045 =

271 2090 424 2128 addunt
468 2084 776 2142 prohoemium),
827 2100 921 2124 omn
963 2086 1053 2125 edd.
1096 2088 1278 2124 omnibus
1318 2094 1408 2123 ante
1451 2083 1570 2124 Gesn.
1609 2101 1696 2125 exc.
1774 2070 1775 2075 Ἰ

270 2155 373 2196 Obr.
499 2155 704 2206 Quoniam.
768 2150 932 2204 Quando
980 2150 1087 2191 Flor.
1213 2168 1296 2191 eam
1339 2168 1428 2190 esse.
1499 2168 1578 2189 esse
1616 2168 1700 2191 eam
1774 2166 1775 2175 ¹

270 2220 409 2262 Turio.
448 2221 556 2261 Flor.
595 2219 721 2260 Amb.
756 2223 793 2258 1.
835 2215 971 2258 Guelf.
1012 2215 1135 2258 Goth.
1180 2217 1289 2259 Jens.
1329 2227 1368 2258 et
1405 2227 1568 2271 posterr.
1607 2228 1699 2259 ante

272 2287 428 2344 Gryph.
540 2296 745 2342 oporteret.
801 2295 949 2339 oportet
989 2293 1047 2324 est
1082 2287 1203 2324 etiam
1239 2288 1283 2324 in
1311 2284 1430 2325 Tarv.
1461 2284 1569 2326 Ven.
1599 2284 1700 2327 ΑΜ.

353 2355 543 2411 Apollod.
602 2351 774 2408 apullod.
804 2350 928 2391 Amb.
952 2356 990 2392 1.
1048 2351 1245 2406 appollod.
1276 2351 1411 2392 Tua-ic.
1438 2351 1548 2393 Jens.

381 2425 418 2476 §.
448 2429 488 2465 2.
533 2421 700 2479 fuerunt
740 2426 798 2459 est
836 2421 956 2457 etiam
994 2421 1038 2458 in
1075 2418 1183 2460 Flor.
1222 2418 1347 2459 Amb.
1381 2426 1422 2460 2.
1454 2418 1617 2473 (Σωμ,
1658 2428 1697 2460 et

269 2494 382 2542 rell.‚
419 2493 492 2531 etsi
520 2498 713 2530 tacentur.
824 2487 1018 2526 minimae.
1071 2483 1134 2525 Ita
1157 2487 1296 2526 diserte
1326 2487 1446 2526 habet
1470 2485 1594 2526 Amb.
1627 2491 1692 2539 1.;

267 2559 338 2597 sed
365 2560 515 2597 fallitur
544 2555 680 2609 Spald.
704 2556 748 2592 in
768 2566 813 2592 eo
828 2583 839 2602 ,
881 2554 988 2606 quod
1007 2553 1238 2593 adverbium
1261 2557 1315 2593 ait
1330 2552 1456 2606 Regio
1474 2555 1690 2606 placuisse3

268 2637 321 2662 ex
348 2623 466 2674 hujus
496 2625 604 2661 enim
632 2620 908 2660 emendatione
944 2623 988 2658 iu
1013 2618 1113 2661 Loc.
1144 2630 1201 2661 est
1227 2623 1419 2660 minimae.

377 2691 413 2742 ᾗ.
443 2690 502 2730 3.’
543 2690 782 2727 tentavimus.
848 2689 1114 2740 temptavimus
1154 2686 1291 2728 Tul-ic.
1334 2685 1457 2727 Amb.
1493 2691 1532 2726 2.
1579 2686 1690 2728 Jens.

261 2750 360 2796 Loc.
419 2755 684 2812 temptabimus
712 2753 835 2796 Amb.
859 2757 899 2795 1.
1007 2763 1142 2794 mater.
1170 2765 1323 2810 poterat
1343 2753 1446 2796 uber.
1506 2764 1602 2797 mat.
1626 2755 1688 2796 ub.
