1775 3091
416 235 470 276 acl
501 234 664 288 Quitzril.
695 234 826 275 Iussit.
868 232 947 283 VI,
988 239 1027 292 1.
1059 234 1092 289 §.
1123 237 1326 276 26—38.
1498 240 1579 278 315

247 352 283 404 §.
314 355 380 391 31.
440 349 667 390 ducentium.
720 348 829 390 Jens.
853 357 892 388 et
914 356 1005 389 cett.
1027 355 1118 388 ante
1138 346 1237 389 Ald.
1265 347 1494 398 dicentium,
1534 358 1580 390 ut

134 421 302 472 saepius.
361 417 498 458 Turio.
531 432 552 457 a
578 433 637 471 pr.
669 433 725 457 m.
755 417 991 456 (ineuntium.
1102 415 1176 456 ⁴Et
1203 416 1400 470 populum.
1454 415 1578 458 Amb.

137 492 174 525 1.
200 498 238 525 ut
255 488 538 542 pop.,optime.
625 483 858 525 Romanum.
892 483 1092 526 onuFlon
1180 487 1270 538 egit.
1300 483 1579 538 Flor.apr.m.

137 556 257 606 regit,
299 569 321 593 a
350 569 426 593 sec.
459 569 514 593 m.
548 552 708 606 redegit.
816 551 990 605 prolata.
1038 551 1166 593 Amb.
1197 558 1236 593 1.
1268 551 1403 592 Turio.
1440 551 1580 605 Camp.

131 621 330 675 praelata.
418 620 536 677 foro.
581 619 707 660 Aan.
732 625 769 660 1.
792 618 900 659 Flor.
912 619 1070 676 fimere.
1166 622 1249 659 eum
1274 636 1426 675 corpus.
1471 618 1580 660 Flor.

135 703 157 726 a
174 703 232 741 pr.
254 703 310 728 m.
332 687 374 727 id
393 704 547 742 corpus.
667 698 709 727 at
733 690 862 727 vestis.
911 687 979 727 Sic
1003 690 1125 726 etiam
1158 687 1284 727 Amb.
1316 693 1354 728 1.
1386 687 1494 728 Flor.

134 757 355 809 imaginem.
406 754 533 796 Amb.
560 761 597 796 1.
618 758 801 810 imagine.
907 772 1000 796 esse.
1051 755 1156 795 Flor.
1178 771 1337 810 quoque
1360 767 1469 797 esset.

248 826 284 876 §.
318 829 385 879 32:
446 823 732 881 quoclfltcium,
778 823 886 864 Flor.
910 823 1055 879 qniaj:
1168 823 1362 878 depictam
1376 828 1423 864 -in
1449 825 1587 866 tahula

135 892 332 945 sipariove
350 895 469 944 imag.
516 890 642 931 Amb.
671 897 708 931 1.
739 890 846 932 Flor.
871 907 1032 946 quoque
1061 890 1099 932 d.
1120 902 1147 931 t.
1172 908 1292 946 supra
1310 892 1444 932 Jovcm
1463 897 1584 948 imag.

220 961 288 1013 qui
307 970 491 999 mutuam.
540 958 647 999 Flor.
670 974 831 1014 quoque
851 976 948 1014 quac
968 977 1018 999 m.

252 1027 289 1076 §.
323 1032 388 1067 33.
446 1026 679 1081 squalorem.
728 1027 795 1067 Sic
818 1031 938 1067 etiam
957 1026 1045 1067 Par.
1065 1033 1104 1067 2.
1205 1027 1392 1069 habitum.
1446 1028 1588 1083 Camp.

139 1093 349 1134 habituum.
460 1098 541 1134 scio
558 1095 668 1150 prof
717 1094 820 1134 Flor.
849 1094 987 1147 Camp.
1009 1112 1051 1149 p.
1072 1112 1103 1136 5.
1214 1096 1402 1149 judicum.
1449 1096 1588 1138 Turio.

138 1175 161 1199 a
179 1177 236 1213 pr.
258 1177 312 1199 m.
340 1162 542 1215 judicium.
625 1165 808 1216 pignora.
859 1165 987 1202 omitt.
1011 1161 1135 1203 Goth.
1246 1166 1410 1217 conjuae.
1451 1163 1588 1205 Guelf-

141 1226 263 1268 Goth.
286 1227 425 1285 Camp.
447 1240 485 1269 et
505 1231 593 1270 edd.
612 1240 704 1270 aute
723 1229 821 1270 Ald.
843 1232 1033 1284 conjunx.

255 1299 291 1349 §.
324 1298 392 1338 34.
452 1310 485 1336 et
501 1315 638 1352 genua.
688 1296 822 1338 Guelf.
845 1314 894 1338 ac
912 1315 954 1351 g.
1044 1300 1120 1337 nisi
1142 1301 1190 1337 si.
1236 1297 1302 1338 Sic
1324 1302 1446 1338 etiam
1462 1298 1591 1341 Aan.

143 1369 182 1404 1.
270 1367 382 1405 enim.
431 1364 537 1406 Flor.
563 1364 702 1419 Camp.
729 1381 832 1404 vero.
923 1365 1012 1406 hab.
1037 1377 1106 1405 cst.
1156 1365 1223 1406 Sic
1256 1369 1377 1405 etiam
1396 1365 1505 1406 Flor.

253 1433 285 1484 ᾧ.
319 1437 385 1472 35.
441 1436 642 1487 potentiss.
662 1449 747 1487 quo.
796 1431 862 1471 Sic
884 1435 1006 1472 etiam
1022 1431 1148 1473 Aan.
1171 1438 1207 1472 1.
1229 1431 1334 1472 Flor.
1350 1432 1441 1474 Par.
1467 1440 1505 1475 1.

141 1500 191 1540 L.
242 1499 309 1540 Sic
335 1502 457 1538 etiam
477 1499 602 1539 Aan.
630 1506 666 1540 1.
684 1532 694 1552 ‚
740 1502 808 1554 qui
837 1501 930 1539 dein
957 1500 1133 1540 Murena
1152 1500 1327 1540 exhibet.
1430 1519 1595 1556 persua-

140 1571 276 1623 sitque.
324 1566 392 1607 Sic
413 1570 535 1607 etiam
552 1566 678 1608 Amb.
705 1573 742 1608 1.
771 1567 903 1621 (prius
928 1571 1124 1623 persuasit
1148 1566 1280 1624 quocl)
1308 1568 1415 1610 Flor.
1438 1569 1530 1611 Par.
1554 1577 1592 1611 1.

225 1635 453 1675 Januarias.
502 1633 641 1688 Camp.
664 1635 861 1675 Ianuarii.

255 1707 292 1755 §.
321 1707 388 1742 36.
446 1706 644 1757 privarae.
691 1700 814 1741 Amb.
840 1707 878 1742 1.
900 1704 1126 1756 privitatae.
1180 1702 1284 1742 Flor.
1314 1719 1476 1758 quoque
1498 1722 1598 1759 pra-

145 1773 276 1809 virale.
365 1770 517 1809 habent.
566 1769 675 1809 Flor.
695 1769 823 1808 habet.
912 1779 946 1806 et
968 1769 1077 1810 haec.
1120 1768 1244 1810 Goth.
1265 1781 1301 1808 et
1321 1770 1408 1811 hoc.
1496 1775 1597 1826 opin.

147 1837 326 1890 litigator
344 1836 509 1878 videtur.
554 1834 687 1877 Guelf.
715 1852 776 1890 op.
797 1838 861 1874 vir
887 1835 944 1876 lit.
1031 1836 1194 1891 quidem.
1233 1836 1372 1891 Camp.
1395 1837 1511 1892 quod.

148 1904 263 1960 quale
281 1907 327 1946 si.
377 1903 512 1944 Etiam
530 1902 652 1944 Amb.
677 1908 710 1942 1.
740 1903 847 1943 Flor.
871 1902 959 1943 Par.
988 1908 1026 1944 1.
1046 1909 1086 1945 2.
1107 1907 1222 1959 quasi
1240 1908 1295 1955 si,
1340 1907 1476 1959 [quod
1494 1922 1600 1962 quo-

148 1976 280 2012 minus
311 1975 526 2025 recipiatur
556 1986 698 2025 parum
735 1972 895 2011 videtur
933 1973 1111 2024 obstare,
1167 1973 1273 2027 quod
1309 1975 1421 2027 quasi
1452 1977 1488 2013 si
1514 1990 1600 2014 non

150 2056 274 2095 aeque
296 2043 486 2080 usitatum
507 2049 563 2080 est
594 2055 638 2079 ac
660 2041 736 2078 nisi
757 2041 804 2078 si.
865 2037 978 2090 Quid
1002 2043 1110 2078 enim
1131 2039 1355 2092 interest?]
1473 2053 1507 2082 et
1529 2059 1601 2083 co-

150 2109 323 2149 thur-nos.
375 2107 482 2147 Flor.
506 2123 528 2146 a
549 2123 627 2147 500.
650 2121 706 2146 m.
731 2117 766 2145 et
791 2118 978 2147 aeternos.
1034 2106 1172 2161 Camp.
1198 2111 1312 2147 etiam
1333 2109 1436 2150 ooth.

264 2178 301 2229 ξ.
334 2181 400 2217 37.
462 2175 524 2214 Ne
550 2174 651 2214 illud
676 2175 782 2229 quid.
815 2174 964 2228 indign.
1014 2173 1140 2216 Aan.
1170 2180 1206 2217 1.
1238 2175 1347 2216 Illud
1376 2194 1422 2216 ne
1450 2177 1602 2232 quidem

154 2244 303 2298 indign.
333 2249 350 2275 Γ
398 2255 483 2283 sunt
506 2244 614 2283 hacc.
666 2241 774 2282 Flor.
802 2257 974 2298 quoque.

268 2313 303 2363 ξ.
334 2317 399 2352 38.
460 2311 511 2350 Et
541 2310 705 2365 quidem.
759 2309 827 2350 Sic
859 2313 979 2351 etiam
1003 2308 1125 2349 Aan.
1157 2315 1194 2351 1.
1227 2326 1250 2351 a
1270 2327 1346 2352 500.
1369 2327 1425 2353 m.
1459 2311 1511 2368 (a
1540 2329 1601 2367 pr.

156 2394 236 2419 om.
270 2377 330 2433 et)
369 2379 477 2418 Flor,
593 2389 860 2432 repugnanics.
925 2377 1050 2418 Amb.
1087 2383 1124 2418 1.
1165 2377 1302 2419 Turic.
1335 2385 1602 2434 repugnantis,

157 2462 249 2487 cum
270 2446 378 2487 Jens.
408 2449 544 2500 eisque
571 2454 662 2485 ante
693 2444 793 2484 Ald.
805 2475 816 2495 ,
857 2461 958 2500 quae
976 2448 1105 2499 prima
1126 2461 1220 2485 cum
1240 2450 1403 2502 reliquis
1429 2448 1479 2487 ad
1500 2447 1603 2489 Obr.

155 2530 282 2569 usque
307 2514 588 2568 repugnanteis.
686 2528 760 2553 eos,
808 2528 890 2554 0111.
908 2513 1016 2554 Flor.
1113 2513 1289 2554 r‘iclenies.
1339 2512 1460 2554 Amb.
1484 2520 1522 2556 1.
1545 2532 1606 2554 re-

157 2582 318 2621 sidentis
334 2581 395 2634 ⁴(a
416 2597 474 2633 pr.
500 2580 732 2633 resedentes)
761 2596 855 2620 011111
873 2580 979 2622 Flor.
1041 2582 1182 2636 [quod
1203 2597 1297 2621 sane
1327 2597 1411 2621 11011
1433 2592 1517 2621 erat
1535 2597 1606 2622 cur

159 2649 415 2702 Spaldingius
436 2650 578 2686 frustra
599 2649 747 2687 diceret
767 2664 788 2687 a
807 2647 948 2689 Burm.
971 2659 1010 2689 et
1030 2647 1206 2689 Gesnero
1226 2653 1470 2703 explicatum
1493 2665 1606 2700 „nou

163 2720 452 2769 assurgentes.“
512 2716 565 2755 At
595 2718 757 2755 mallem
780 2718 991 2772 equidem,
1023 2726 1067 2757 ut
1086 2726 1158 2770 est,
1191 2720 1438 2772 interpretati
1462 2726 1604 2769 essent,
