1775 3091
419 253 474 293 acl
504 251 664 306 Quintil.
697 250 827 292 Iussit.
857 250 938 301 IV]
973 257 1010 292 1.
1040 253 1307 304 §.19—32.
1503 263 1583 300 177

255 369 291 420 §.
324 372 392 408 25.
453 367 590 407 durior
622 383 755 407 cansa.
815 364 951 405 durior
980 369 1169 408 omittunt
1198 370 1318 409 etiam
1345 369 1451 413 Flor.
1475 387 1497 412 a
1517 389 1577 427 pr.

140 450 194 474 m.
226 435 349 475 Amb.
371 440 434 487 2.;
466 438 508 473 in
537 433 661 475 Amb.
690 438 727 474 1.
758 433 916 474 videtur
944 449 1040 473 esse.
1152 451 1227 476 non
1251 447 1351 477 ante.
1409 443 1581 481 normissi

142 515 229 541 ante
257 506 379 544 etiam
409 500 521 542 Sich.
626 501 742 541 nacla.
801 500 942 539 mulam
971 501 1108 543 Turio.
1138 515 1230 542 nutu
1256 503 1381 558 Flor.,
1402 521 1424 545 a
1441 523 1501 560 pr.
1523 525 1578 550 m,

142 580 320 625 uterque.
436 585 583 623 semper·
618 570 701 608 inii.
733 568 809 608 dic.
870 571 925 608 ιἠ.
959 569 1036 609 dic,
1071 588 1103 610 s.
1133 569 1254 612 Goth.

255 640 291 686 §.
325 643 392 678 26.
464 653 743 689 nonnunquam.
812 653 1004 691 nunquam
1044 637 1180 680 Turic2
1221 638 1334 682 Ahn.
1380 641 1503 685 Amb.
1538 653 1576 689 2.

139 704 262 745 Beru.
295 704 411 744 Voss.
430 709 465 744 1.
482 709 518 744 3.
548 703 638 744 Par.
656 708 693 743 1.
725 702 863 756 Camp.
964 721 1062 758 quae
1082 718 1202 747 erunt.
1260 714 1412 762 quaerit
1440 712 1576 757 Tul-ic.

197 782 383 826 quaerunt
413 771 520 811 Flor.
549 771 665 812 Ahn,
725 782 885 826 querunt
914 769 1035 812 Amb.
1069 779 1107 813 2.
1223 778 1263 814 in
1296 779 1477 821 exordio.
1538 786 1577 823 in

138 843 266 880 omitt.
298 838 435 879 Turio.
469 838 607 893 Camp.
725 855 824 893 quae
849 842 938 879 sint.
998 840 1103 894 quod
1130 858 1161 881 s.
1193 845 1313 882 etiam
1338 843 1446 888 Flor.
1474 864 1495 888 a
1513 866 1573 904 pr.

137 922 209 958 111.‚
242 922 264 946 a
288 923 364 947 sec.
396 916 607 959 receptam.
709 906 978 963 favorabilia.
1024 908 1278 964 favorabiles
1307 915 1426 953 etiam
1452 915 1575 962 Amb.

138 979 178 1014 2.
283 977 476 1029 quoniam.
536 991 634 1028 quae
661 984 814 1027 praeter
841 985 1076 1014 memoratos
1095 976 1247 1016 habent
1273 976 1394 1021 Amb.
1415 989 1456 1024 2.
1485 985 1576 1028 Par,

139 1047 180 1082 2.
295 1046 485 1097 cujuSque.
540 1046 832 1096 uniuscnjusque
858 1042 948 1082 Par.
980 1049 1017 1082 1.
1051 1059 1144 1083 cum
1172 1044 1288 1085 Voss.
1313 1054 1351 1087 3.

251 1113 285 1162 §.
318 1116 386 1151 27.
446 1109 541 1149 haec
572 1112 752 1149 invenire.
811 1110 884 1148 lzoc
913 1113 991 1149 inv.
1034 1108 1157 1150 Goth.
1189 1128 1283 1152 culn
1320 1113 1438 1156 Voss.
1466 1123 1507 1158 2.
1537 1131 1576 1161 et
1602 1113 1610 1115 >

139 1177 228 1216 edd.
269 1185 360 1216 ante
403 1176 557 1228 Colin„
600 1194 686 1217 exc.
729 1176 867 1228 Camp.
903 1175 1002 1216 Ald.
1127 1177 1261 1218 laedit.
1321 1180 1412 1234 legit
1456 1189 1576 1228 etiam

134 1242 243 1283 Flor.
273 1259 295 1283 a
325 1260 384 1297 pr.
413 1260 469 1284 m.
584 1248 766 1283 minuere.
824 1245 972 1281 munire
1002 1242 1138 1284 Turio.
1257 1249 1341 1285 sive
1375 1252 1482 1304 quid.
1541 1259 1578 1295 ,ςί

135 1311 241 1365 quod
268 1311 395 1352 Amb.
426 1317 461 1352 1.
493 1312 601 1353 Jeus.
633 1311 754 1351 Tarv.
784 1309 882 1350 ΑΜ.
915 1310 1027 1351 Sich.

248 1381 283 1430 §.
314 1384 380 1420 28.
443 1380 578 1435 Neque
606 1382 716 1419 enim.
779 1377 847 1418 Sic
878 1377 986 1418 Flor.
1016 1377 1142 1420 Aan.
1167 1386 1207 1421 2.
1304 1386 1364 1422 ·in
1393 1385 1476 1428 illo.
1535 1393 1574 1431 in

136 1449 265 1486 omitt.
297 1446 435 1488 Turio.
464 1447 571 1488 Flor.
606 1463 698 1487 cum
721 1446 834 1486 AJm.
941 1446 1137 1488 dicantur.
1186 1459 1408 1490 tractantur
1438 1453 1573 1499 Guelf.

195 1514 368 1553 dicemur
395 1514 517 1556 Amb.
542 1521 579 1556 1.
688 1517 726 1553 in
755 1517 943 1566 ingressu.
1000 1517 1039 1553 in
1069 1518 1195 1555 omitt.
1226 1515 1364 1559 Turio.
1396 1536 1418 1560 a
1436 1539 1495 1576 pr.
1516 1541 1572 1567 m.

134 1581 313 1622 A1nb.1.
347 1580 481 1623 Guelf.
584 1581 866 1637 praeicnianda,
896 1593 964 1622 est.
1019 1594 1206 1636 praetem.
1230 1587 1282 1623 sit
1306 1589 1387 1637 jam
1412 1595 1575 1643 praebet

135 1648 262 1689 Amb.
286 1655 320 1688 1.
431 1653 602 1704 pignora
626 1667 768 1689 corum.
824 1667 866 1703 p.
895 1666 1060 1701 rem-um,
1092 1652 1199 1704 quod
1222 1656 1390 1705 conjecit
1417 1657 1570 1713 Spald„

134 1718 284 1757 habent
312 1717 435 1756 Amb.
463 1723 498 1758 1.
527 1717 635 1756 Flor.
662 1732 684 1755 a
708 1733 784 1756 sec.
817 1733 872 1757 m.
987 1735 1086 1771 quae
1115 1721 1251 1759 minus,
1311 1738 1409 1774 quac
1441 1731 1568 1768 mnitt,

135 1785 271 1826 Turio.
291 1785 414 1836 Flor.,
439 1801 461 1824 a
479 1801 556 1824 sec.
578 1800 635 1824 m.
656 1794 834 1837 uterque.
924 1784 1115 1823 exordiis.
1164 1788 1205 1822 in
1225 1801 1292 1825 ex.
1317 1791 1437 1828 etiam
1459 1791 1492 1830 F
1494 1797 1568 1834 lor.

249 1855 286 1902 §.
318 1860 385 1893 29.
432 1863 591 1899 iunium,
621 1867 764 1890 verum.
815 1853 983 1889 animum
1012 1854 1193 1891 inserunt
1215 1854 1306 1893 edd.
1339 1865 1430 1895 ante
1449 1857 1572 1914 Bad.7

134 1937 221 1961 exc.
254 1920 417 1972 (amp-3
451 1921 599 1969 codeX,
631 1928 676 1957 ut
704 1919 884 1968 videtur,
914 1921 1063 1958 nullus.

247 1989 283 2039 §.
317 1992 383 2027 30.
443 2003 496 2025 cx
526 1990 588 2025 iis.
647 2002 700 2024 ex
731 1986 790 2023 his
823 1985 957 2024 Turio.
987 1984 1112 2025 Amb.
1141 1991 1177 2025 1.
1205 1992 1244 2026 2.
1277 1985 1410 2029 Guelf.
1440 1989 1563 2035 Goth,

133 2056 272 2109 Camp.
387 2071 481 2094 casu
513 2053 627 2092 laedi.
688 2052 754 2093 Sic
781 2055 899 2105 plane
928 2051 1052 2091 Aan.
1082 2059 1122 2092 2.
1159 2052 1250 2092 Par.
1284 2055 1323 2094 4.
1358 2060 1395 2096 5.
1426 2057 1564 2114 Sich,3

132 2125 202 2164 sed
239 2122 395 2161 causale
433 2121 524 2161 duci
559 2121 684 2160 Aan.
721 2126 756 2160 1.
799 2123 897 2174 (qui
925 2128 1013 2172 post
1051 2135 1209 2158 causam
1248 2122 1410 2162 demum
1440 2130 1566 2168 iuter-

132 2191 299 2245 pungit)
329 2189 437 2228 Flor.
473 2204 495 2227 a
528 2204 587 2241 pr.
619 2203 674 2227 m.
735 2204 855 2226 causa
886 2187 966 2225 dici
991 2186 1098 2226 Flor.
1130 2202 1244 2228 asec.
1267 2204 1322 2229 m.
1352 2190 1440 2231 Par.
1464 2200 1501 2235 1.
1522 2203 1563 2237 2.

243 2259 278 2308 §.
311 2262 377 2297 31.
440 2267 560 2295 extra
589 2258 767 2310 pertinet.
826 2271 857 2294 e.
887 2257 1076 2308 pertinent
1101 2252 1225 2292 Amb.
1248 2260 1300 2303 1.,
1340 2262 1411 2312 qui
1444 2265 1565 2303 etlam

129 2327 234 2363 infra
266 2326 422 2364 videtur
453 2324 544 2363 dare
572 2325 785 2377 pertinent,
816 2336 908 2360 cum
938 2321 1038 2362 Obr.
1069 2329 1108 2360 et
1139 2323 1224 2360 aljis
1257 2325 1364 2377 apud
1397 2325 1561 2381 Burm.‚

128 2407 214 2430 non
254 2392 525 2430 addicentibus
562 2389 698 2429 Tusic.
737 2398 777 2428 et
808 2388 916 2428 Flor.
1026 2399 1298 2430 enumerentur.
1356 2410 1565 2437 enumerem

129 2462 251 2498 etiam
279 2458 386 2497 Flor.
416 2458 504 2498 I‘ar.
537 2463 575 2497 1.
614 2460 705 2496 sort.
736 2455 860 2495 Amb.
893 2461 930 2495 1.
1045 2455 1182 2496 Fama.
1238 2457 1407 2513 infamia
1435 2461 1561 2504 Amb.

131 2532 170 2566 1.
285 2524 385 2563 nihil
414 2528 524 2564 enim.
578 2541 617 2564 n.
643 2534 768 2563 autem
806 2522 896 2562 Par.
928 2528 966 2563 1.
998 2528 1037 2563 2.
1079 2539 1171 2563 cum
1201 2521 1325 2566 Goth.
1441 2544 1561 2570 causa

128 2603 208 2645 est,
239 2591 292 2632 ad
323 2595 449 2631 omitt.
481 2591 618 2631 Turic.
648 2590 757 2630 Flor.
788 2605 810 2628 a
834 2605 893 2642 pr.
922 2606 978 2630 m.

238 2662 274 2712 §.
309 2665 373 2699 32.
433 2661 622 2719 oratiorfe.
680 2657 747 2697 Sic
770 2660 888 2696 etiam
915 2656 1023 2698 Flor.
1045 2657 1278 2699 Amb.1.2.
1308 2659 1504 2703 Par.1.2.
1519 2670 1557 2706 3.

235 2737 443 2768 accusator
472 2729 634 2767 actione.
694 2724 892 2766 Ordinem
935 2728 1098 2767 invertit
1131 2724 1258 2766 Aan.
1290 2730 1328 2767 1.
1438 2747 1560 2784 prae..

170 2807 268 2841 Tom.
295 2806 338 2840 V.
1064 2791 1110 2832 M
