1775 3091
368 206 421 244 ad
453 205 584 257 Quint.
616 205 742 244 Ins-tit.
776 202 831 254 77,
861 203 927 242 1-1.
956 202 994 252 §.
1016 206 1185 242 2—12.
1411 206 1485 241 301

57 319 191 361 Turio.
214 329 252 361 et
271 319 377 362 Flor.
399 335 421 359 a
442 335 501 373 pr.
521 334 577 359 m.
600 327 760 372 oportet.
875 332 959 356 cum
988 333 1072 356 ειια.
1119 313 1241 356 Amb.
1265 319 1298 355 1.
1316 320 1356 356 2.
1381 313 1489 373 Flor„

55 407 146 450 Par.
170 415 206 450 1.
241 412 280 450 in
307 426 391 450 sua.
500 408 647 462 alioqui
673 431 729 439 -—
754 405 901 462 plures.
955 405 1082 447 Amb.
1115 410 1154 446 1.
1182 404 1307 460 aliqui
1332 379 1492 445 rationu

53 475 209 530 plures,
257 481 393 518 ceteris
413 479 562 518 omissis
594 475 679 530 (nis
699 483 755 516 est
783 490 805 514 a
833 489 909 516 seo.
931 473 1029 528 m.).
1128 483 1204 522 esi,
1234 483 1302 512 est.
1353 470 1491 514 Guelf-

56 547 202 584 omittit
228 548 395 584 alterum
422 555 489 585 est.

168 624 203 673 §.
233 627 271 662 8.
332 639 432 663 omn.
451 620 582 661 munci.
614 619 758 661 Goth.
778 637 830 661 m.
851 637 887 663 o.
976 631 1128 675 quarto.
1173 619 1309 660 TurIc.
1331 629 1493 674 quanto.

129 688 327 730 inducunt.
368 688 503 729 Turio.
527 688 682 730 ducunt.
770 688 1099 744 approbationem.
1140 687 1206 729 Sic
1228 690 1347 727 etiam
1364 685 1492 740 Amb.

57 761 96 862 ἒ.
134 755 224 797 Par.
257 762 293 797 1.
328 763 369 798 2.
436 755 491 796 acl
517 757 784 812 probationem
814 754 936 798 Amb.
965 763 1002 798 1.
1068 757 1336 813 probationem
1374 759 1494 796 etlam

93 825 190 863 olin.
714 836 718 841 ·

171 891 207 941 §.
240 896 278 934 9.
339 902 405 930 aut
425 891 467 931 id
485 892 616 949 infert.
662 892 789 933 Amb.
814 898 852 934 1.
885 890 1024 948 Camp.
1051 885 1173 934 etiaim
1195 911 1231 934 α.
1254 892 1408 950 idfert.
1481 882 1489 907 ‘⁵

60 956 233 998 Consilio
252 981 303 989 —
324 959 634 1001 administratur.
673 960 740 1001 Sic
761 960 887 1002 Amb.
904 967 959 1012 1.,
982 965 1117 1001 ceteris
1142 964 1308 1002 omissis.
1403 975 1496 1000 con-

58 1025 190 1064 duxit.
231 1025 297 1066 Sic
318 1030 439 1066 etiam
454 1027 578 1068 Amb.
603 1034 638 1068 1.
660 1035 698 1068 2.
722 1027 810 1068 Par.
829 1035 865 1068 1.
947 1032 1264 1083 propositionem.
1302 1026 1428 1068 Aan.
1455 1032 1495 1066 1.

57 1093 194 1134 Turic.
209 1097 314 1134 Flor.
332 1092 468 1148 Camp.
483 1093 740 1136 Goth.Amb.
755 1095 924 1137 2.Bern.
936 1096 1044 1138 Jens.
1066 1106 1104 1136 et
1126 1097 1216 1136 edd.
1239 1104 1331 1135 ante
1343 1092 1497 1148 Gryph.

57 1164 354 1215 expositionem.
440 1179 494 1202 αι’
513 1163 582 1202 liis.
634 1162 756 1205 Goth.
779 1180 832 1204 ex
854 1166 916 1204 iis.
1012 1166 1257 1219 conficiatur.
1306 1160 1431 1201 Amb.
1456 1166 1497 1200 1.

58 1232 298 1285 confiteatur.
382 1240 579 1284 geruntur.
631 1230 730 1272 Obr.
755 1243 948 1286 reguntur.
1034 1248 1150 1286 quam
1170 1238 1290 1286 quaes
1330 1229 1497 1270 Omittit

57 1294 198 1337 Turio,
225 1313 246 1336 a
264 1313 322 1350 pr.
345 1313 401 1339 m.
515 1315 640 1338 rerum
667 1299 815 1339 melius.
865 1298 972 1340 Jens.
994 1297 1092 1339 Loe.
1116 1315 1166 1338 m.
1188 1315 1223 1337 r.
1336 1295 1498 1337 consilio

58 1388 114 1397 --
143 1364 453 1405 administratur.
501 1365 611 1406 Haec
633 1369 767 1406 omnia
787 1368 978 1407 omittunt
1000 1364 1134 1406 Guelf.
1168 1363 1294 1405 Amb.
1316 1370 1357 1405 2.

171 1444 206 1495 §.
242 1448 306 1483 10.
363 1443 425 1482 In.
476 1441 609 1484 Guelf.
629 1447 700 1484 sin.
784 1444 887 1499 quocl
908 1443 1131 1483 intenditur.
1173 1441 1309 1497 Gueif.
1330 1457 1413 1482 om.

57 1509 166 1549 Nam
183 1533 239 1541 —
258 1510 489 1551 immortale.
546 1511 656 1551 Haec
685 1515 820 1551 omnia
853 1514 1000 1552 omittit
1025 1508 1150 1550 Amb.
1174 1515 1212 1551 1.
1267 1508 1330 1550 At
1361 1508 1499 1549 Turio.

58 1577 166 1617 Nam
187 1576 404 1616 immortale
423 1589 478 1617 est
497 1595 551 1618 eae
575 1583 661 1633 ipso
679 1596 730 1619 m.
756 1581 782 1618 i.
796 1611 806 1631 ‚
849 1594 942 1618 cum
962 1578 1069 1619 Flor.
1083 1610 1094 1630 ‚
1139 1580 1218 1617 nisi
1249 1577 1356 1632 quod
1377 1580 1500 1616 omit-

58 1648 106 1685 tit
138 1661 205 1685 esc.
265 1644 401 1686 Turio.
434 1661 456 1685 a
485 1661 562 1687 sec.
593 1662 649 1686 m.
681 1645 845 1686 mortale
871 1661 942 1700 pro
972 1643 1191 1686 immortale
1225 1644 1401 1685 exhibet.

59 1715 204 1752 anima.
260 1711 424 1754 Omittit
443 1712 474 1752 F
476 1716 549 1753 lor.
574 1728 595 1752 a
613 1728 692 1753 sec.
713 1728 767 1752 m.

172 1795 204 1844 §.
233 1795 299 1830 11.
359 1790 430 1829 hae
443 1793 624 1845 primam.
687 1789 827 1844 Camp.
864 1807 930 1831 eae
960 1793 1128 1846 primae.
1178 1788 1279 1832 Obr.
1317 1788 1390 1828 hae
1410 1790 1500 1843 pri-

60 1874 176 1898 mum.
284 1860 454 1899 commis.
495 1857 601 1899 Non.
659 1857 726 1898 Sic
745 1862 865 1897 etiam
885 1856 1010 1898 Amb.
1037 1863 1073 1898 1.
1095 1863 1135 1898 2.
1154 1855 1260 1896 Flor.
1282 1855 1372 1896 Par.
1398 1861 1435 1896 1.
1456 1862 1499 1897 2.

62 1931 102 1966 3.
190 1924 302 1965 cac-d.
325 1936 399 1966 ten.
438 1924 505 1966 Sic
528 1928 647 1965 etiam
668 1925 774 1966 Flor.
794 1941 816 1965 a
834 1942 894 1979 pr.
913 1941 969 1965 m.
988 1923 1113 1965 Amb.
1133 1930 1172 1965 2.
1263 1926 1500 1978 quaestione.

61 1993 130 2034 Sic
155 1996 276 2033 etiam
294 1992 421 2033 Amb.
445 1999 479 2033 1.
511 1991 656 2045 {Gotln
677 1996 716 2032 in
735 2003 882 2048 quaest.
927 1992 1038 2033 Sich.
1061 1995 1181 2032 etiam
1199 1991 1497 2047 quaestionibus.
1526 2013 1528 2015 >

136 2071 338 2101 testantur.
368 2060 490 2102 Amb.
507 2066 544 2101 1.
566 2070 604 2101 et
621 2064 704 2115 ipse
723 2063 863 2114 procul
885 2060 1004 2100 dubio
1027 2070 1203 2100 testatur.
1289 2057 1500 2114 effecerint.

62 2128 168 2169 Flor.
189 2128 421 2185 dejecerunt.
468 2127 593 2168 Aan.
615 2132 653 2168 2.
674 2128 896 2185 ffcerunt.

175 2208 212 2259 §.
244 2213 309 2248 12.
369 2206 474 2263 quoti
490 2231 547 2239 --
567 2217 687 2248 caret.
722 2206 844 2246 Amb.
867 2212 904 2247 1.
926 2206 1026 2246 haec
1050 2206 1211 2245 omittit.
1287 2220 1378 2243 nam
1399 2202 1502 2258 quod

64 2300 120 2307 -
143 2275 243 2314 nihil
260 2275 313 2314 ad
332 2291 424 2322 nos.v
460 2277 571 2314 Haec
594 2277 730 2313 omnia
746 2276 892 2314 omittit
911 2273 943 2313 F
946 2277 1018 2314 lor.
1116 2273 1326 2313 connexio.
1372 2270 1499 2312 Amb.

67 2348 105 2382 1.
136 2342 167 2381 F
171 2346 243 2382 lor.
267 2357 288 2380 a
307 2357 365 2394 pr.
387 2357 449 2390 111.>
474 2344 684 2382 concessio.
784 2341 936 2382 Omnia.
987 2339 1127 2395 Camp.
1149 2341 1315 2380 omnino.
1411 2340 1502 2376 ina-

63 2412 184 2450 nima.
235 2407 358 2449 Amb.
382 2414 415 2448 1.
437 2408 554 2449 Voss.
578 2414 615 2450 1.
637 2414 674 2449 3.
695 2406 809 2449 Alm.
830 2411 972 2449 anima.
1079 2406 1215 2447 melius
1243 2416 1310 2445 est.
1358 2402 1500 2457 Camp-

66 2478 214 2517 omittit
234 2486 301 2515 est.
404 2478 536 2528 igitur.
586 2474 711 2516 Goth.
736 2487 875 2517 autem.
980 2473 1142 2516 animal.
1194 2473 1272 2514 Hic
1294 2473 1437 2513 desunt
1451 2474 1501 2513 *in

65 2544 190 2586 Amb.
207 2549 244 2583 2.
262 2552 339 2582 tres
359 2546 658 2597 quaterniones,
695 2558 819 2598 usque
840 2544 889 2583 ad
908 2558 997 2597 pag.
1022 2547 1118 2583 702.
1148 2542 1332 2581 editionis
1355 2537 1500 2579 Burm.

67 2609 221 2650 Eadem
242 2613 386 2650 lacuna
417 2619 475 2650 est
500 2613 545 2650 iu
569 2609 694 2650 Bern.
712 2610 832 2651 Voss.
853 2616 891 2651 1.
915 2617 952 2651 3.
975 2625 1098 2664 usque
1126 2609 1177 2648 ad
1202 2611 1274 2648 lib.
1293 2603 1399 2648 VIII
1416 2621 1450 2647 c.
1473 2609 1499 2645 3

71 2693 124 2717 ex
144 2681 194 2718 iis
217 2695 313 2733 quac
330 2677 555 2724 dictasunt.
659 2677 826 2719 Animal
848 2689 914 2720 est.
959 2677 991 2719 F
993 2681 1066 2719 lor.
1086 2674 1272 2718 animale.
