1775 3091
387 203 440 244 acl
471 202 642 258 Quintil.
675 202 808 243 Instit.
843 201 922 255 VJ,
953 209 991 244 3.
1025 204 1056 256 ᾗ.
1087 210 1284 248 59-72
1484 218 1564 254 337

226 319 263 369 §.
298 321 364 359 67.
425 334 554 358 omnes
585 312 765 358 cadunt(
800 315 925 359 Amb.
959 323 997 360 1.
1039 316 1173 361 Guelf,
1205 323 1328 361 omnis
1357 324 1477 366 cadit.

110 385 214 428 καθ’
260 383 505 442 ὑπερβολήν.
571 385 682 426 Haec
721 387 913 426 omittunt
947 388 1070 425 etlam
1107 386 1232 431 Amb.
1266 393 1304 430 1.
1336 390 1446 433 Flor,

110 455 238 510 quale.
289 453 412 495 Amb.
438 459 471 493 1.
500 452 609 493 Flor.
641 468 802 508 quoque
833 452 950 506 quod.
1067 453 1113 493 de
1142 455 1303 497 homine.
1350 458 1419 500 Sic
1438 464 1558 503 etlam

109 522 232 563 Amb.
257 529 294 564 1.
328 521 436 563 Flor.
531 521 709 561 Fabium.
761 519 828 560 Sic
852 523 973 559 etiam
990 519 1096 562 Flor.
1193 536 1314 564 essent
1333 543 1441 570 naso,
1489 528 1558 570 Sic

109 595 231 631 etiam
259 589 381 631 Amb.
416 595 450 629 1.
482 588 588 629 Flor.
709 590 965 628 inter-immun.
1018 587 1142 631 Amb.
1169 597 1206 632 1.
1236 607 1396 650 quoque
1425 600 1559 638 interit

107 669 318 712 utrumque.
378 656 484 696 Flor.
518 658 698 695 vitiatum
727 667 935 711 utrumque.

219 761 255 811 §.
288 762 355 798 68.
416 759 562 798 ironia..
615 755 750 798 Guelf.
784 774 926 797 romae.
1030 775 1166 803 nonne,
1219 761 1358 818 Camf„
1381 782 1472 807 non·

106 828 358 866 severis-sime.
398 823 523 865 Amb.
551 830 588 864 1.
615 828 651 864 si
669 828 879 866 verissime.
993 843 1129 883 prope.
1189 829 1315 871 Aan.
1338 837 1374 872 1.
1401 850 1559 887 procne,

197 893 299 945 Qua.
352 893 478 933 Amb.
514 898 549 932 1.
591 892 700 933 Flor.
743 897 864 933 etiam
903 911 1032 948 quam.
1150 913 1250 938 cum.
1307 897 1443 942 Guelf.
1470 919 1559 957 pro,

107 976 201 999 cum
229 975 355 1013 marg.
386 959 511 1001 Basil.
613 964 834 1016 impetrata.
886 960 1024 1002 Turic.
1056 979 1078 1002 a
1095 979 1174 1004 sec.
1197 980 1251 1005 m.
1271 968 1475 1022 imperata.

108 1044 230 1067 causa
259 1028 433 1068 elabora.
489 1027 614 1068 Amb.
646 1034 682 1069 1.
726 1045 890 1069 causare
918 1040 953 1068 et
983 1030 1119 1072 ahora.
1179 1031 1317 1075 Turio.
1356 1051 1380 1076 a
1412 1053 1472 1091 pr.
1500 1054 1559 1081 m.

105 1094 214 1135 Flor.
247 1113 405 1135 causam
436 1107 470 1134 ct
502 1096 653 1136 labora.
771 1096 876 1136 lusit.
923 1096 991 1138 SIC
1023 1103 1145 1139 etiam
1173 1099 1298 1142 Aan.
1322 1107 1360 1143 1.
1391 1103 1501 1146 Flor.
1536 1122 1560 1146 a

105 1178 185 1202 sec.
217 1179 273 1203 m.
304 1164 354 1218 (a
383 1180 439 1217 pr.
475 1163 612 1218 iussit)
645 1163 735 1204 Par.
757 1170 796 1205 2.
858 1163 941 1205 Sed
969 1165 1061 1207 Par.
1090 1173 1126 1208 1.
1156 1185 1247 1207 usus
1275 1171 1344 1210 es't.
1435 1171 1561 1212 Isati-

106 1232 176 1271 nii.
228 1230 366 1271 Turio.
399 1247 421 1271 a
449 1248 508 1286 pr.
537 1247 592 1271 m.
619 1234 758 1271 ratini.
874 1243 1014 1273 certus.
1073 1233 1210 1275 Turio.
1240 1251 1263 1276 a
1281 1253 1341 1291 pr.
1362 1253 1419 1279 m.
1448 1239 1558 1281 Flor.

107 1300 262 1338 certius.
324 1297 463 1353 Camp.
496 1303 628 1340 certis,
745 1299 906 1340 Interim
928 1326 986 1332 —-
1013 1301 1259 1356 allegoriam.
1321 1303 1461 1360 Camp.
1490 1307 1556 1349 Id.

106 1367 187 1420 inq.
218 1369 287 1406 int.
321 1383 374 1405 us.
393 1366 462 1423 fi
490 1384 532 1422 p.
567 1366 637 1407 all.

219 1468 255 1518 §.
286 1472 355 1507 69.
413 1466 658 1520 allegoriam.
717 1466 844 1508 Aan.
870 1474 909 1508 1.
940 1468 1172 1522 allegorian.
1230 1470 1418 1515 Coelium.
1469 1473 1560 1514 Tu-

105 1537 175 1574 ric.
204 1533 313 1574 Flor.
347 1533 514 1575 cellium.
630 1535 884 1590 objicientem.
934 1536 1074 1592 Camp.
1102 1539 1345 1582 obicientem.
1453 1541 1561 1582 dex-

104 1614 216 1642 tram.
267 1601 406 1655 Camp.
440 1601 662 1643 dexteram.
756 1604 1060 1645 Antonomasia.
1106 1604 1234 1648 Aan.
1260 1613 1298 1648 1.
1325 1606 1433 1648 Flor.
1464 1608 1556 1651 Par.

107 1676 146 1711 1.
178 1673 300 1710 etiam
328 1670 540 1724 emphasia.
591 1669 682 1710 Par.
719 1676 756 1710 1.
792 1677 831 1710 2.
868 1671 1054 1725 emphasi.
1113 1672 1229 1714 Sich.
1258 1675 1434 1729 emphasi
1463 1693 1556 1730 qua.

188 1738 330 1777 Julius.
380 1735 506 1777 Aan.
534 1742 568 1776 1.
598 1739 685 1776 Par.
718 1743 756 1777 1.
794 1736 941 1776 tullius.
996 1737 1104 1778 Flor.
1136 1739 1266 1782 villas.
1383 1743 1556 1784 Accium

106 1804 293 1844 Navium.
343 1803 471 1844 Ajnb.
502 1809 540 1844 1.
572 1807 794 1844 iniuccium.
854 1803 959 1843 Flor.
992 1805 1144 1846 inducti
1163 1810 1278 1848 cium.

218 1894 255 1944 ᾧ.
287 1898 353 1933 70.
416 1892 618 1946 σχήματα.
664 1893 791 1935 Amb.
816 1899 852 1934 1.
886 1908 1077 1946 σχιματα.
1175 1895 1370 1939 dicuntur.
1418 1899 1556 1942 Turio.

108 1962 158 2015 (a
178 1976 255 2000 sec.
279 1976 333 2000 m.
355 1961 516 2013 dicunt)
555 1960 662 2001 Flor.
694 1961 899 2002 ducuntur.
1015 1966 1165 2018 recipit.
1210 1963 1336 2006 Amb.
1362 1972 1399 2008 1.
1432 1966 1556 2010 Goth.

108 2044 130 2067 a
156 2043 232 2068 sec.
264 2043 319 2068 m.
351 2027 490 2082 Camp.
525 2032 679 2083 recepit.
808 2046 948 2069 omncs.
1008 2029 1134 2071 Amb.
1169 2036 1208 2072 1.
1248 2031 1387 2074 Turio.
1419 2033 1556 2077 Guelf.

111 2093 229 2135 Goth.
261 2092 397 2135 omnis.
505 2107 541 2134 ct
562 2099 695 2135 interr.
749 2095 884 2137 Guelf.
917 2095 1040 2138 Goth.
1064 2097 1182 2138 Voss.
1201 2105 1242 2140 2.
1271 2098 1412 2155 Camp.
1435 2106 1559 2143 omjt-

105 2172 198 2202 tunt
218 2173 265 2202 et.
354 2166 485 2204 miser.
517 2163 654 2218 quaed.
701 2163 769 2204 Sic
801 2169 921 2205 etiam
949 2163 1039 2206 Par.
1064 2170 1159 2206 1.2.
1248 2180 1392 2222 aperte.
1434 2168 1558 2212 Amb.

111 2235 147 2270 1.
177 2229 285 2271 Flor.
320 2245 343 2270 a
376 2247 437 2285 pr.
466 2246 521 2270 m.
554 2234 674 2271 etiam
701 2243 851 2287 aparte.

220 2323 256 2372 §.
287 2324 356 2360 71.
417 2320 598 2375 adjeciz'o.
660 2320 769 2361 Jens.
812 2321 934 2361 Tarv.
977 2322 1156 2376 abjectio.
1286 2324 1557 2380 Carpathium.

106 2385 231 2426 Amb.
257 2392 293 2426 1.
314 2385 423 2427 Flor.
445 2404 604 2443 quoque
627 2392 872 2444 campatium.
961 2392 1105 2431 Titius.
1151 2389 1186 2430 F
1187 2393 1261 2432 lor.
1285 2395 1407 2432 etiam
1427 2396 1556 2435 citius.

183 2454 301 2511 fecit.
352 2453 476 2495 Amb.
511 2461 548 2496 1.
567 2455 694 2512 facit.
798 2459 932 2497 interr.
969 2475 1038 2499 ex.
1086 2457 1222 2500 Turio.
1244 2475 1266 2499 a
1285 2475 1344 2514 pr.
1366 2475 1423 2501 m.
1445 2459 1558 2506 Flor.

106 2522 245 2562 inserr.
277 2532 326 2562 et.
447 2522 696 2578 Carpathius.
753 2523 878 2565 Amb.
910 2530 947 2566 1.
980 2528 1195 2580 carpatius.

222 2613 259 2662 §.
294 2617 361 2653 72.
421 2613 701 2667 redarguendo.
749 2612 885 2655 Turio.
915 2617 957 2654 in
988 2615 1197 2670 arguendo.
1301 2616 1557 2674 dqftndendo.

109 2676 243 2718 Turio.
274 2694 296 2718 a
325 2696 386 2734 pr.
412 2696 467 2722 m.
498 2681 754 2739 (Icfmzdondo.
870 2682 1049 2724 Manius.
1107 2683 1176 2724 Sio
1208 2680 1329 2724 etiinn
1357 2683 1471 2725 Sich.

156 2758 254 2792 Tom.
282 2759 325 2793 V.
1056 2748 1096 2791 Y
