1775 3091
173 232 226 272 40
608 227 881 284 Supplemenia
921 224 1182 267 annotationis

178 340 319 396 Camp.
437 351 512 381 rai.
543 339 637 380 Lat.
676 336 797 380 Amb.
830 344 867 380 1.
979 340 1142 394 patitur.
1196 328 1371 393 poitietur
1416 335 1541 395 Amb.
1577 341 1615 376 1.

182 411 321 466 [Num
351 412 450 449 for-te
483 406 697 464 pudicitur?
728 405 888 458 Sand.]

296 479 332 528 §.
371 478 436 516 64.
487 479 529 515 in
558 486 718 528 utroque
747 474 862 514 modo
888 474 1025 515 Turio.
1057 473 1164 514 Flor.
1195 471 1321 514 Amb.
1345 477 1382 513 1.
1413 470 1564 513 Almel.

179 544 298 585 malet
335 547 453 584 etiam
492 543 613 584 Tarv.
661 540 776 582 Cerv.
821 541 961 596 Camp.
1002 541 1125 582 Paris.
1157 548 1194 582 1.
1229 547 1268 581 2.
1308 539 1433 580 Amb.
1456 545 1496 580 2.
1528 542 1619 579 fort.

180 613 306 653 Amb.
331 617 366 650 1.
396 610 529 649 mallet
561 613 682 649 etiam
711 609 819 649 Jens.
851 608 987 649 Turio.
1017 609 1124 649 Flor.
1242 608 1411 663 loquitur
1442 623 1463 647 a
1486 623 1545 661 pr.
1566 622 1622 646 m.

184 680 310 720 Amb.
335 684 381 718 ·1.
425 687 464 716 et
493 677 628 718 Turio.
743 676 811 715 secl
840 687 967 716 tamen
1008 676 1155 732 repr-eh.
1195 675 1332 716 Turio.
1372 675 1480 716 Flor.
1514 691 1536 714 a
1563 690 1623 728 pr.

184 763 240 787 m.
272 745 426 786 Almel.

302 815 339 865 §,
373 816 437 853 65.
499 810 589 849 (lum
619 827 663 849 ne
688 823 877 865 pugnant.
937 810 998 851 Ita
1026 815 1146 865 plane
1174 811 1299 851 Amb.
1323 819 1362 854 2.
1392 811 1481 852 Par.
1514 816 1552 851 1.
1589 815 1627 851 6.

187 881 379 920 interdum
408 896 564 933 repugn.
598 880 736 919 Tul-lc.
771 879 911 933 Camp.
941 883 1030 919 Par.
1060 886 1099 920 2.
1117 911 1126 929 ‚
1176 882 1266 919 fort.
1300 878 1425 918 ΑΒΗ).
1452 884 1490 919 1.
1522 879 1628 919 Flor.

274 965 293 986 e
324 955 415 985 ante
445 946 590 985 duobus
621 962 700 986 om.
732 945 856 986 Amb.
881 952 918 986 1.
961 964 987 985 α
1016 946 1161 985 (luobus
1201 946 1307 985 Flor.
1370 946 1631 999 [Spalding.,

189 1031 260 1055 sua
296 1024 390 1053 nota
433 1014 481 1052 de
522 1012 767 1064 Quintiliani
806 1017 934 1053 verbis
969 1013 1166 1068 simplices
1191 1037 1248 1043 ——
1279 1023 1458 1052 constant
1490 1013 1633 1063 deleta,

188 1084 294 1131 hanc
326 1084 637 1135 explicationem
665 1097 686 1120 a
716 1079 798 1121 Ion.
823 1080 947 1122 Gottl.
972 1081 1217 1121 Schneidero
1249 1079 1409 1121 Saxone
1432 1089 1636 1134 acceptam

189 1153 397 1204 probavit:
444 1152 508 1199 „i.
533 1165 568 1188 e.
598 1152 795 1202 simplices
827 1164 940 1188 voces
971 1151 1166 1201 positione
1195 1164 1267 1188 sua
1294 1152 1421 1202 prima
1441 1157 1636 1199 constant,

192 1226 351 1257 servant
383 1231 490 1266 eam,
539 1231 613 1255 nec
642 1225 687 1255 ut
717 1220 957 1269 compositae
983 1224 1164 1266 mutant,
1206 1225 1252 1255 ut
1281 1218 1638 1269 praepositionibus

193 1287 452 1335 subjunctae:
495 1284 639 1322 deinde
658 1293 802 1322 natura
821 1288 890 1322 sua
912 1292 1094 1322 constant
1113 1298 1189 1322 nec
1210 1293 1519 1336 corrumpuntur
1540 1298 1640 1323 con-

195 1354 352 1403 junctae
392 1366 484 1390 cum
523 1354 609 1390 aliis
645 1366 719 1390 nec
751 1353 992 1390 evalescunt.
1050 1347 1193 1404 Itaque
1220 1353 1360 1389 malim
1386 1353 1578 1405 positione
1607 1361 1643 1389 et

197 1430 339 1457 natura
368 1433 451 1458 sua.
469 1419 495 1438 ‘⁶
559 1417 665 1457 Mihi
703 1420 867 1473 quidem
895 1418 1001 1456 nihil
1027 1417 1069 1456 h.
1099 1420 1128 1457 1.
1161 1419 1442 1471 corrigendum
1469 1418 1641 1470 videtur,

197 1502 310 1525 voces
343 1495 519 1525 constant
553 1487 662 1524 aliud
692 1486 797 1524 nihil
830 1494 910 1536 est,
951 1488 1029 1524 nisi
1058 1496 1166 1534 sunt,
1205 1488 1292 1537 vel,
1331 1494 1377 1525 ut
1395 1488 1645 1539 grammatici

196 1557 321 1592 nostri
348 1556 590 1607 loquuntur,
632 1563 756 1601 stant,
796 1556 897 1592 sicut
924 1562 1041 1592 natae
1071 1553 1211 1604 sunt]

286 1622 608 1674 [imperterritus.
675 1619 736 1660 Cf.
777 1623 900 1674 praef.
943 1619 1040 1660 Vol.
1068 1617 1088 1658 Ῑ
1117 1635 1207 1674 pag.
1231 1618 1474 1671 LXXVI.]

314 1689 350 1738 §.
384 1692 449 1728 66.
511 1687 665 1741 linguae
702 1704 777 1727 non
815 1692 948 1742 utiquc·
979 1688 1084 1729 Flor.
1218 1690 1515 1728 concesserimus
1545 1687 1643 1728 Tur.

198 1755 305 1795 Flor.
349 1754 489 1809 Camp.

317 1824 352 1873 §.
387 1827 452 1862 67.
513 1822 768 1862 solitam-ilia
796 1848 851 1854 —
883 1822 1186 1863 suovetaurilia.
1245 1821 1381 1863 Pri0re
1409 1825 1498 1862 loco
1529 1825 1650 1861 etiam

196 1903 225 1930 'e
264 1893 404 1931 nostris
444 1892 559 1930 codd.
598 1894 734 1929 nullus
771 1900 829 1930 est
869 1895 939 1946 qui
978 1901 1196 1930 suovetaur.
1227 1890 1394 1941 habeat3
1436 1893 1648 1943 posteriore

203 1959 477 1997 suovetaurilia
500 1960 595 1998 dant
617 1962 737 1997 etiam
757 1958 863 1998 Flor.
884 1957 1009 1997 Amb.
1024 1958 1164 1998 2‚Par.
1181 1963 1216 1997 1.
1232 1962 1270 1997 6.
1330 1974 1406 1996 sus.
1422 1957 1653 1997 obitae'rilia

204 2024 331 2066 Alnb.
358 2032 394 2065 1·
452 2043 531 2064 CSSC
560 2043 624 2063 suc
655 2041 723 2064 0228
751 2036 863 2064 ῘαΙΙΓΟ
898 2025 1038 2077 Cfllnp.
1073 2024 1162 2065 l)3.l‘·
1185 2031 1224 2066 20
1259 2025 1332 2079 (Ut
1360 2023 1512 2077 GOth·)
1574 2022 1651 2077 [ΙΠ-

205 2092 435 2146 Spaldingii
472 2102 569 2132 nota
607 2096 742 2141 critica
782 2093 1062 2143 corrigendum
1091 2101 1148 2131 est
1177 2107 1328 2130 nomen
1361 2090 1519 2130 Valerii
1547 2092 1652 2143 apud

207 2158 446 2200 Charisium.
507 2160 578 2200 Est
605 2164 674 2199 ille
708 2158 877 2212 Valgius
899 2157 1052 2198 Charis.
1078 2171 1116 2211 p.
1141 2160 1193 2198 84
1225 2158 1421 2208 Putsch]
1516 2169 1650 2197 strum.

206 2226 286 2266 vid.
332 2227 435 2266 Flor.
499 2228 648 2281 [Nerei
675 2227 777 2266 illud
803 2242 920 2280 pecus
949 2240 1032 2264 non
1064 2241 1145 2264 esse
1171 2226 1341 2280 phocas,
1391 2227 1460 2265 sed
1492 2226 1663 2278 delphi-

206 2308 302 2343 nos,
340 2297 513 2334 simones
551 2298 672 2335 etiam
702 2311 723 2334 a
754 2295 928 2348 repando
957 2303 1082 2333 rostro
1111 2294 1258 2344 dictos,
1296 2294 1503 2332 adnotavit
1535 2292 1655 2346 Spal-

210 2362 368 2414 dingius
403 2378 454 2402 ex
483 2362 721 2403 Schneideri
753 2361 1072 2412 observatione]

325 2432 362 2480 §.
399 2432 463 2470 68.
523 2433 685 2483 integris
721 2430 881 2468 Latinis
919 2428 1026 2468 Flor.
1145 2444 1199 2467 ex
1241 2438 1331 2468 ante
1372 2427 1519 2468 (luobus
1549 2443 1652 2467 corr.

210 2501 337 2538 omitt.
370 2497 468 2538 Tur.
500 2497 627 2537 Amb.
655 2503 692 2537 1.
727 2495 860 2537 Guelf.
893 2505 932 2536 et
962 2497 1051 2536 edd.
1085 2505 1177 2535 ante
1208 2496 1355 2548 Stoer„
1382 2512 1472 2536 exc.
1497 2494 1653 2547 Camp.‚

209 2568 243 2603 si
273 2566 321 2603 de
351 2566 426 2604 hac
453 2575 559 2604 recte
577 2568 702 2604 tacuit
722 2563 860 2617 Spald.
974 2564 1194 2618 pedisse-cus
1216 2563 1351 2603 Turio.
1376 2563 1481 2603 Flor.
1508 2560 1653 2613 Camp.

213 2629 348 2671 Guelf.
403 2633 603 2685 pedis-ecus
634 2631 750 2670 Ahn.
775 2626 777 2628 ’
866 2641 932 2669 aut
965 2641 1115 2670 contra.
1176 2642 1244 2670 aut
1274 2633 1401 2670 omitt.
1425 2628 1522 2668 Tur.
1548 2627 1654 2667 Flor.

214 2697 339 2738 Amb.
367 2703 404 2737 2.
430 2698 553 2739 Goth.
576 2697 710 2738 Guelf.
735 2697 874 2752 Camp.
897 2707 937 2738 et
959 2706 1051 2738 cett.
1075 2698 1166 2738 edd.
1198 2707 1291 2737 ante
1319 2696 1419 2738 Bad.
1537 2694 1659 2734 Anti-
