1775 3091
184 224 232 261 31
241 223 266 261 8
620 217 895 273 Supplementa
932 219 1199 259 annotationis

297 333 336 384 §.
370 336 437 375 50.
496 331 766 388 satisfacimus
804 332 840 370 si
865 329 995 387 forie.
1056 329 1183 372 Amb.
1215 337 1253 372 1.
1295 330 1404 372 Flor.
1443 334 1631 374 omittunt

182 403 306 442 etiam
323 403 371 441 si.
486 403 614 439 amice
646 397 808 453 aliquid.
862 398 971 439 Flor.
1003 398 1142 453 Camp.
1171 399 1221 438 al.
1244 417 1320 440 am.
1368 399 1508 441 Turio.
1531 416 1553 440 a
1569 417 1630 454 pr.

181 484 238 509 m.
264 485 343 509 am.
369 465 540 522 aliquod.
629 481 922 507 commonemus,
975 465 1110 508 Guelf.
1132 467 1243 507 JenS.
1265 466 1365 508 Loc.
1386 468 1496 507 Ven.
1526 485 1633 508 com-

180 552 388 576 movemus.
501 544 555 571 est
581 549 669 586 gen.
698 549 778 586 egr.
823 533 932 574 Flor.
965 551 1007 588 g,
1033 552 1113 588 egr.
1136 552 1164 574 e.
1214 534 1354 589 Camp.
1376 551 1455 575 om.
1478 547 1547 576 est.

180 605 339 646 uxoris.
388 600 493 642 Jens.
520 609 559 640 et
586 601 677 641 edd.
703 610 796 641 ante
821 600 920 642 Ald.
941 605 1079 643 uxori.
1183 606 1416 658 pecuniaria
1437 603 1515 643 lite.
1566 602 1634 644 Sic

181 674 305 712 etiam
339 669 446 708 Flor.
478 667 569 709 Par.
603 673 640 710 1.
673 674 715 710 2.
837 669 1130 711 Abnobarbum.
1189 668 1325 711 Guelf.
1368 671 1635 711 Enobarbum.

183 736 306 780 Goth.
329 734 625 776 Henobarhum.
728 753 819 792 qua.
864 735 1030 777 Omittit
1050 740 1171 777 etiam
1189 737 1297 778 Flor.
1394 739 1633 779 abundabat.

182 804 321 846 Turio.
345 801 468 844 Goth.
492 803 756 844 habundabat.
874 803 991 845 deest.
1039 802 1163 845 Goth.
1189 804 1330 847 deesse.

296 895 327 945 §.
363 897 430 935 51.
493 893 644 934 Omnes.
695 892 832 934 Turio.
858 909 881 935 a
899 910 959 948 pr.
982 909 1036 934 m.
1060 895 1197 936 omnis.
1297 904 1400 935 sunt.
1448 892 1573 934 Amb.
1597 898 1636 934 1.

181 961 319 1003 Turic.
341 977 364 1001 a
384 977 443 1016 pr.
466 977 520 1001 m.
544 960 685 1015 Camp.
712 964 802 1002 sint.
923 977 978 1002 cx
999 964 1061 1002 iis.
1113 960 1223 1001 Sich.
1246 978 1301 1001 ex
1322 962 1394 1002 [τίς.
1502 965 1556 999 sit
1578 978 1638 1000 res

183 1029 363 1070 eruenda.
413 1028 480 1069 Sic
501 1033 623 1069 etiam
641 1027 764 1070 Amb.
801 1034 838 1071 1.
861 1027 968 1070 Flor.
990 1029 1081 1070 Par.
1106 1034 1143 1069 1.
1240 1032 1275 1068 si
1294 1045 1468 1083 usquam.
1509 1027 1636 1069 Amb.

185 1102 223 1138 1.
242 1101 364 1138 etiam
387 1099 424 1136 si
445 1099 690 1153 cujusquam,
729 1113 808 1138 sec.
829 1113 881 1137 m.
904 1100 1102 1152 expunxit
1122 1099 1171 1138 si.
1222 1096 1330 1137 Flor.
1352 1099 1387 1136 si
1406 1099 1594 1151 cuiquam.

299 1190 337 1240 §.
369 1193 436 1230 52.
496 1186 604 1227 Nam
635 1203 690 1227 ex
721 1186 794 1228 his.
844 1186 971 1228 Amb.
1003 1192 1041 1227 1.
1085 1186 1139 1227 Ν.
1161 1197 1209 1227 et.
1266 1185 1404 1228 Turio.
1439 1202 1462 1226 a
1487 1202 1547 1240 pr.
1585 1202 1638 1226 m.

182 1255 293 1297 Flor.
322 1273 360 1296 n.
381 1272 473 1295 esse.
530 1253 671 1308 Camp.
695 1254 805 1296 Jens.
833 1264 871 1295 et
892 1255 984 1295 edd.
1008 1264 1099 1294 ante
1120 1253 1231 1294 Sich.
1259 1271 1297 1293 η.
1317 1270 1371 1293 esc
1395 1256 1459 1294 iis.
1542 1270 1640 1308 pos-

185 1324 366 1365 sidemus.
417 1320 540 1362 Amb.
566 1327 603 1362 1.
634 1322 744 1363 Flor.
773 1326 895 1362 etiam
912 1322 1206 1378 possidebimus,
1267 1321 1447 1375 [Utrum
1463 1321 1641 1376 posside-

183 1408 292 1443 mus,
342 1406 393 1429 an
432 1405 526 1430 cum
565 1393 707 1429 nostris
748 1392 950 1431 codicibus
995 1389 1277 1444 possidebimus
1322 1392 1490 1429 scribere
1530 1391 1641 1439 velis,

184 1458 350 1512 perinde
384 1466 454 1497 est.
514 1455 596 1496 Sed
617 1473 753 1496 seusus
774 1467 939 1497 constat.
969 1456 1080 1496 Dicit
1102 1456 1247 1507 Quint.
1269 1459 1432 1496 affectus
1454 1460 1574 1496 etiam
1597 1460 1640 1494 in

186 1528 383 1581 prioribus
415 1527 579 1564 actionis
608 1527 783 1577 partibus
815 1527 932 1564 utiles
957 1540 1063 1575 esse,
1102 1524 1168 1563 hic
1199 1533 1333 1563 autem
1361 1526 1389 1563 i.
1411 1539 1445 1563 e.
1479 1526 1523 1562 in
1555 1526 1641 1575 epi-

185 1596 303 1646 log0‚
352 1594 593 1631 necessarios
636 1601 673 1631 et
712 1595 837 1631 libere
869 1592 1189 1644 profundendos:
1239 1605 1334 1629 nam
1360 1591 1457 1629 hinc
1487 1593 1639 1629 animos

186 1662 366 1713 judicum
393 1673 658 1712 occupamus,
698 1661 777 1697 nisi
808 1661 939 1710 priora
968 1661 1038 1697 illa
1068 1661 1173 1696 male
1206 1668 1372 1698 tractata
1403 1667 1509 1698 sunt.
1568 1657 1642 1697 Est

187 1731 310 1781 igitur
339 1727 429 1766 hinc
460 1730 542 1766 sive
575 1740 629 1764 cx
662 1725 721 1764 his
746 1727 856 1764 idem
884 1728 965 1764 fere
991 1726 1100 1780 quod
1122 1726 1203 1775 his,
1233 1724 1331 1765 Abl.
1353 1729 1642 1766 instrumenta-

188 1798 283 1848 lis.]
382 1794 573 1849 judicum.
623 1792 761 1833 Turio.
789 1808 810 1832 a
831 1809 889 1846 pr.
908 1808 962 1832 m.
984 1791 1120 1846 Camp.
1135 1792 1340 1846 judicium.
1445 1804 1479 1832 et
1511 1792 1640 1849 consta

188 1861 311 1904 Amb.
338 1868 375 1903 1.
408 1878 430 1902 a
458 1878 535 1902 sec.
567 1877 622 1901 m.
654 1860 760 1901 Flor.
796 1864 916 1900 etiam
937 1864 1118 1899 inserunt
1139 1877 1170 1900 c.
1291 1863 1451 1915 asperis,
1504 1859 1640 1901 Guelf.

189 1933 380 1985 asperius.
465 1940 560 1970 tuto.
611 1929 678 1971 Sic
697 1931 817 1968 etiam
846 1928 937 1969 Par.
960 1934 1001 1968 2.
1055 1939 1135 1967 1010
1165 1925 1287 1968 Amb.
1317 1933 1375 1979 1.,
1415 1928 1485 1967 sed
1512 1943 1535 1967 a
1561 1944 1639 1968 sec.

190 2014 246 2040 m.
280 2008 378 2049 iota,
409 2013 501 2038 cum
521 1997 611 2038 Par.
635 2002 672 2037 1.
785 2012 1003 2050 possumus.
1052 1995 1180 2036 Amb.
1205 2001 1243 2036 1.
1280 1995 1415 2036 Turic.
1450 2011 1472 2035 a
1496 2011 1556 2050 pr.
1583 2011 1640 2035 111.
1697 2035 1700 2038 ,

190 2066 299 2108 Flor.
330 2081 352 2105 a
384 2081 461 2106 sec.
496 2081 550 2105 m.
589 2067 794 2120 possimus.
850 2063 958 2104 Flor.
1000 2079 1022 2103 a
1049 2079 1108 2118 pr.
1136 2079 1190 2104 m,
1230 2062 1402 2102 velimus.
1514 2073 1639 2118 atquc.

191 2133 319 2174 Amb.
347 2138 383 2173 1.
411 2132 518 2174 Flor.
556 2131 695 2185 Camp.
728 2143 776 2172 et.
834 2130 956 2172 Goth.
984 2148 1044 2171 ac.
1159 2131 1406 2171 clauduntur.
1451 2128 1575 2170 Amb.
1601 2135 1639 2171 1.

193 2201 454 2242 cluclutuntur.
564 2199 754 2240 Plaudite.
805 2197 938 2240 Amb.v
962 2204 999 2239 1.
1022 2199 1130 2239 Flor.
1159 2215 1179 2238 a
1199 2215 1258 2252 pr.
1281 2215 1336 2239 m.
1367 2197 1529 2253 plodite.

308 2293 345 2341 §.
379 2295 446 2332 53.
504 2290 669 2345 affictus
690 2292 776 2329 erit.
826 2288 933 2329 Flor.
957 2287 1094 2341 Camp.
1115 2305 1166 2329 er.
1188 2288 1260 2343 ‘fff-
1306 2287 1441 2328 Turic.
1460 2303 1482 2327 a
1503 2304 1563 2342 pr.
1584 2302 1641 2328 m*

192 2360 352 2415 effictus
374 2376 427 2399 er.
490 2357 773 2411 [Spaldingius
805 2359 937 2396 nescio
967 2357 1065 2411 quid
1094 2358 1370 2408 confragosum
1395 2359 1437 2395 in
1459 2356 1534 2395 hac
1551 2372 1643 2396 ver-

193 2430 338 2466 borum
358 2428 658 2467 continuatione
678 2428 803 2464 inesse
825 2425 931 2475 dicit,
954 2425 1062 2478 quod
1081 2424 1183 2462 mihi
1204 2425 1368 2478 quidem
1383 2438 1465 2462 non
1485 2424 1644 2463 videtur

195 2511 298 2544 esse,
348 2495 566 2534 dummodo
595 2495 821 2532 memineris
855 2509 970 2546 neque
996 2508 1027 2532 s.
1059 2503 1126 2531 nec
1160 2492 1267 2544 apud
1299 2489 1474 2541 Quintil.
1505 2505 1576 2544 pro
1597 2505 1642 2527 ne

197 2561 351 2615 quidem
379 2563 459 2602 dici
471 2594 481 2613 ‚
515 2564 580 2602 vel
598 2576 668 2614 pro
687 2563 801 2599 etiam
822 2577 897 2599 non
912 2592 923 2611 ‚
955 2563 1014 2599 uti
1033 2560 1152 2599 hodie
1171 2561 1252 2597 fere
1271 2561 1399 2597 solent
1417 2559 1643 2611 impetitio-

194 2643 269 2668 res.
327 2628 387 2669 Ne
413 2633 500 2685 quis
521 2630 696 2680 dubitet,
729 2629 904 2668 conferat
923 2626 957 2678 I,
987 2633 1025 2679 5,
1047 2632 1100 2668 18
1122 2635 1223 2666 extr.
1263 2624 1316 2677 II,
1343 2630 1407 2673 13,
1429 2629 1467 2665 7.
1504 2621 1577 2674 III,
1601 2627 1638 2671 6,

195 2698 265 2735 76.
303 2694 361 2748 V,
386 2702 452 2750 10,
475 2702 569 2740 119.
616 2695 740 2750 Quod
766 2711 850 2736 non
879 2696 1037 2735 additur
1065 2705 1101 2732 et
1131 2703 1221 2733 aute
1251 2709 1360 2741 cum,
1402 2706 1556 2744 prorsus
1587 2705 1637 2728 ex

1726 2678 1730 2682 .
1768 2558 1773 2699 Ι

1766 2718 1771 2892 ¹
