1775 3091
223 192 296 225 XX

226 290 464 345 parenthesi
494 307 596 348 quas
626 302 747 334 antea
771 292 1020 348 protulerat,
1066 294 1243 348 repetivi
1270 295 1394 334 etiam
1426 306 1521 342 eas,
1562 306 1665 348 quas

225 371 269 410 in
309 373 607 412 commentario
648 371 838 413 consulto
878 372 1043 413 videtur
1092 373 1297 412 omisisse.
1374 371 1665 412 Veruntamen

226 447 331 488 haec
376 453 718 490 commemoratio
760 450 951 491 codicum
989 451 1277 492 Parisinorum
1316 452 1499 501 speciem
1540 449 1669 490 habet

226 525 430 577 majorem
471 539 594 579 quam
634 523 868 566 utilitatem.
952 524 1062 566 Nam
1102 525 1327 565 Pottierius
1370 525 1537 580 quidem
1576 526 1666 579 ipse

227 603 289 642 rei
317 603 484 643 criticae
508 603 639 644 fuisse
664 603 881 657 imperitus
904 604 1090 653 videtur,
1121 604 1196 644 sed
1221 603 1333 658 quod
1357 616 1381 642 a
1403 601 1665 658 Spaldingio,

225 693 348 734 quem
377 682 565 736 impense
595 680 905 732 admirabatur,
937 682 1165 723 editionem
1190 679 1395 736 Campani
1420 689 1667 737 veteresque

223 756 355 799 libros
386 761 491 799 tanti
533 759 627 800 fieri
665 761 849 810 videret,
891 760 1073 801 fortasse
1113 762 1241 801 etiam
1281 760 1391 815 quod
1431 762 1521 815 ipse
1558 760 1668 816 apud

223 850 323 877 suos
373 852 456 878 non
496 852 646 893 expers
697 839 798 879 artis
836 838 971 879 videri
1011 837 1161 889 vellet,
1217 838 1296 878 hoc
1336 838 1419 878 sibi
1459 839 1667 894 agendum

225 917 475 968 sumpsisse,
533 925 580 957 ut
627 915 940 972 Campanianae
987 918 1212 958 varietates
1261 931 1346 958 non
1396 916 1669 972 indiligenter

222 991 439 1047 coUigeret
469 995 722 1052 adderetque
752 996 819 1038 his
848 995 1054 1037 lectiones
1078 1009 1131 1036 ex
1159 1008 1245 1036 uno
1269 1003 1311 1035 et
1338 993 1470 1035 altero
1506 995 1557 1036 de
1591 1010 1669 1037 sex

221 1072 350 1125 regiis
381 1073 597 1115 codicibus
626 1074 734 1116 forte
766 1073 942 1115 oblatas.
1001 1071 1111 1114 Nam
1134 1071 1357 1113 consilium
1382 1072 1549 1128 quidem
1575 1075 1668 1128 ejus

222 1150 265 1189 in
296 1152 573 1207 excerpendis
610 1152 731 1194 libris
771 1151 934 1193 nullum
966 1153 1166 1206 cognovi,
1207 1153 1277 1207 qui
1305 1165 1358 1192 ne
1388 1152 1432 1192 in
1462 1150 1547 1192 illis
1579 1146 1670 1206 qui-

220 1226 316 1267 dem
357 1226 485 1281 locis,
527 1231 600 1272 ubi
642 1233 827 1273 maxime
869 1245 973 1285 opus
1012 1230 1160 1281 fuerit,
1212 1229 1393 1270 fideliter
1435 1231 1667 1280 annotarit,

222 1307 322 1361 quid
351 1308 395 1348 in
427 1323 592 1365 quoque
621 1309 731 1352 libro
771 1309 1003 1359 invenerit,
1044 1310 1090 1349 in
1121 1307 1216 1349 aliis
1256 1323 1386 1350 unum
1419 1317 1460 1348 et
1490 1306 1668 1348 alterum

219 1393 370 1428 testem
411 1386 616 1440 laudarit,
667 1390 833 1431 etiamsi
873 1387 1152 1429 certissimum
1194 1388 1249 1427 sit
1292 1400 1438 1427 omnes
1481 1388 1668 1442 potuisse

218 1464 352 1506 citari.
413 1467 493 1508 Ex.
517 1483 578 1523 gr.
602 1468 677 1509 lib.
700 1468 754 1520 II,
783 1470 848 1517 13,
874 1471 925 1507 13
958 1470 1004 1506 iu
1034 1480 1087 1506 ea
1118 1464 1267 1507 tabula
1305 1475 1369 1506 est
1398 1467 1440 1505 in
1472 1465 1667 1506 editioni-

220 1541 298 1584 bus
328 1553 425 1585 ante
447 1543 738 1587 Burmannum
767 1545 986 1601 omnibus,
1016 1546 1060 1585 in
1083 1543 1403 1585 Burmanniana
1432 1541 1668 1599 typotheta-

219 1634 311 1660 rum
350 1622 513 1663 incuria
550 1638 781 1678 pronomen
833 1624 1012 1674 excidit,
1068 1625 1188 1678 isque
1220 1638 1359 1672 error,
1407 1631 1453 1663 ut
1480 1620 1551 1672 fit,
1593 1635 1668 1676 per

218 1698 431 1740 insecutas
460 1702 666 1744 editiones
696 1711 950 1758 propagatus
981 1710 1045 1742 est
1063 1701 1111 1755 ²).
1170 1701 1400 1742 Pottierius
1429 1701 1582 1756 igitur,
1616 1713 1669 1740 ea

220 1777 364 1818 videns
401 1779 445 1818 in
477 1777 765 1833 Campaniana
795 1795 913 1831 esse,
956 1780 1009 1820 ad
1046 1781 1304 1820 mentionem
1346 1781 1439 1834 ejus
1470 1778 1667 1819 editionis

218 1854 374 1907 adjecit·
402 1853 506 1910 Reg.
539 1861 576 1897 1.
645 1857 757 1907 Quid
786 1861 917 1914 igitur
946 1857 1124 1913 reliqui}
1184 1856 1447 1900 Omittuntne
1479 1854 1545 1897 ffli
1572 1869 1667 1911 pro-

218 1932 397 1972 nomen?
459 1932 642 1976 Credere
674 1937 865 1988 deberes,
897 1939 935 1978 si
966 1945 1160 1977 accurata
1188 1935 1338 1978 haberi
1366 1943 1509 1991 posset
1539 1931 1666 1974 colla·

217 2010 299 2050 tio:
332 2011 407 2051 sed
435 2026 536 2052 cave
566 2013 712 2055 facias.
744 2014 806 2065 ΙΙ,
832 2019 878 2064 8,
910 2019 958 2056 11
992 2029 1048 2055 cm
1083 2028 1184 2055 vero
1213 2023 1255 2054 et
1281 2000 1541 2055 recentiores
1576 2012 1666 2052 edi-

217 2089 353 2129 tiones
383 2103 529 2131 omnes
563 2101 604 2132 et
643 2095 732 2148 ipse
764 2093 988 2133 Pottierius
1027 2094 1070 2133 in
1101 2101 1220 2133 textu
1259 2091 1436 2132 habent:
1488 2103 1545 2130 an
1581 2103 1665 2130 nou

218 2164 345 2208 lectio
378 2176 442 2208 est
472 2168 632 2224 aliquot
660 2181 848 2213 veterum
889 2172 1120 2212 editionum
1159 2185 1214 2211 ex
1245 2171 1489 2224 conjectura
1516 2167 1664 2223 Regii,

215 2246 384 2297 codicis,
416 2248 525 2302 quod
555 2252 760 2302 sciamus,
792 2249 948 2292 nullius
987 2258 1153 2304 praeter
1181 2250 1307 2290 unius
1339 2247 1538 2288 Gothani.
1568 2245 1665 2286 Pot-

215 2325 385 2375 tierius,
427 2340 521 2366 cum
553 2327 677 2369 silere
710 2337 874 2386 posset,
916 2330 958 2369 si.
993 2330 1036 2369 in
1067 2329 1154 2369 suis
1193 2327 1314 2369 libris
1343 2328 1443 2367 item
1475 2338 1532 2366 απ
1561 2336 1663 2365 vero

252 2536 286 2578 ἦ)
308 2537 369 2572 Sic
395 2551 441 2573 ex
476 2541 561 2574 edit.
589 2541 806 2577 Gesneriana
830 2544 869 2576 in
896 2541 1188 2587 Spaldingianam
1219 2545 1368 2586 irrepsit
1397 2541 1453 2575 bis
1485 2541 1564 2573 dum
1592 2549 1660 2582 pro

307 2606 380 2626 cum
405 2597 433 2635 1,
457 2599 493 2637 1,
518 2600 539 2628 2
559 2605 593 2630 et
612 2599 646 2637 Ι,
671 2602 701 2641 1,
722 2599 766 2632 34
789 2612 835 2634 ne
858 2600 946 2645 quid
971 2600 1084 2634 dicam
1109 2600 1152 2634 tle
1177 2599 1361 2634 erroribus
1385 2597 1658 2643 typothetarum

306 2649 666 2696 Spaldiugianoruim
692 2654 790 2689 fideli
816 2656 933 2690 adhuc
959 2667 1067 2700 opera
1093 2659 1313 2701 propagatis.
