1775 3091
434 217 487 258 acl
519 215 682 270 Quintil.
712 215 842 258 Instit.
882 215 960 266 VI,
991 221 1030 258 3.
1059 218 1095 270 §.
1116 220 1313 259 21-32,
1514 225 1592 261 351

150 347 234 371 nuS.
344 334 408 372 iis.
463 329 590 372 Amb.
625 336 663 372 1.
695 330 804 372 Flor.
835 332 957 372 etiam
985 333 1033 371 is.
1148 333 1354 384 contingit.
1399 328 1520 374 Amb.
1553 339 1591 376 1.

151 402 272 438 etiam
303 402 481 453 contigit.

260 467 297 517 §.
329 472 395 508 27.
451 467 658 508 lascivum.
716 465 854 508 Turio.
895 481 918 506 a
946 482 1006 520 pr.
1037 482 1093 508 m.
1125 466 1342 509 lascivium.
1459 481 1493 509 et
1522 470 1593 513 hil.

149 529 273 575 Goth.
312 533 427 575 Alm.
468 533 586 575 Voss.
628 534 768 588 Steph.
815 545 882 573 aut
923 535 957 573 Ῐι.
1071 535 1188 575 Iunii.
1244 534 1354 577 Flor.
1386 538 1480 577 iani.

152 598 293 640 Cassii.
342 603 479 643 Turio.
512 619 534 644 a
563 620 623 657 pr.
654 618 711 642 m.
744 605 882 641 cassis.
986 602 1076 642 lene.
1128 601 1262 644 Guelf.
1293 603 1401 646 Jens.
1433 615 1473 646 et
1501 607 1592 648 edd.

148 676 241 707 ante
272 667 425 712 Cervic.
458 670 550 711 leve.
660 670 830 709 Domitii
855 667 970 725 Afri.
1028 670 1155 710 Amb.
1180 676 1217 712 1.
1249 671 1384 714 Turio.
1415 688 1436 715 a
1456 689 1516 727 pr.
1537 690 1592 714 m.

148 733 288 775 domiti
313 741 415 793 apri.
518 738 579 778 his
608 737 690 779 ubi.
749 737 858 779 Jens.
891 747 930 778 et
961 738 1052 778 edd.
1085 749 1176 779 ante
1208 739 1320 780 Sich.
1352 742 1401 780 iis
1431 742 1509 783 ubi.

147 812 294 844 matur.
355 804 492 847 Turio.
532 822 555 846 a
582 805 728 861 pr.'m.
768 805 878 847 Flor.
919 817 1090 846 utamur.
1217 809 1468 851 convictibus.
1527 811 1596 852 Sia

147 871 269 911 etiam
296 870 330 911 F
332 875 404 913 lor.
435 874 525 915 Par.
551 880 588 915 1.
705 873 868 916 lasciva.
925 874 1048 916 Aan.
1074 879 1112 915 1.
1143 874 1324 916 lascivia.
1439 878 1597 920 humili-

149 936 232 981 bus.
289 938 416 982 Amb.
448 949 486 983 1.
517 941 626 983 Flor.
659 941 830 982 humilis.
946 941 1109 983 hilaria.
1168 941 1302 984 Guelf.
1330 943 1485 1000 hylam.

149 1010 382 1047 convenient.
431 1009 500 1051 Sic
530 1014 652 1050 etiam
680 1010 806 1051 Amb.
840 1015 879 1051 1.
918 1008 1030 1051 Flor.
1059 1008 1151 1050 Par.
1177 1015 1214 1051 1.
1236 1017 1276 1051 2.

261 1078 296 1127 §.
329 1081 398 1118 28.
455 1095 614 1133 propos.
653 1079 709 1118 ill.
778 1077 888 1119 Flor.
935 1077 1077 1132 Camp.
1120 1080 1146 1117 i.
1181 1095 1220 1132 ρ.
1346 1096 1462 1135 quam
1501 1081 1596 1122 dice.

148 1138 285 1182 Tul-Ic.
317 1161 427 1197 quem
456 1145 495 1186 cl.
606 1146 807 1200 perdendi.
864 1145 931 1186 Ex
946 1145 1073 1188 Amb.
1099 1150 1137 1187 1.
1157 1156 1196 1186 et
1216 1145 1327 1188 Flor.
1356 1148 1462 1188 nihil
1483 1164 1504 1188 a
1526 1165 1598 1189 ve-

147 1217 231 1247 tere
269 1214 461 1265 scriptura
503 1212 709 1267 (perdidi)
758 1215 959 1254 diversum
1005 1223 1214 1253 enotatum
1252 1224 1332 1265 est,
1383 1230 1459 1256 nec
1498 1232 1597 1270 opus

147 1276 305 1316 videtur
345 1283 552 1333 corrigere.
657 1281 831 1338 forensi.
890 1280 1027 1321 Turio.
1065 1280 1100 1321 F
1101 1285 1175 1321 lor.
1217 1285 1338 1322 etiam
1354 1283 1596 1339 forensium.

230 1343 361 1387 licere.
419 1347 488 1388 Sic
519 1352 640 1388 etiam
671 1348 782 1389 Sich.
839 1346 896 1389 At
934 1347 1044 1389 Flor.
1090 1348 1230 1390 elicere.
1347 1368 1595 1406 quamquam.

108 1414 113 1416 ’
146 1409 272 1452 Amb.
307 1419 344 1454 1.
386 1414 494 1456 Flor.
535 1415 626 1457 Par.
662 1422 701 1456 1.
731 1421 772 1456 2.
821 1418 945 1455 etiam
993 1432 1279 1470 nonnunquam.
1417 1418 1596 1460 alterius.

147 1476 286 1519 Turic.
319 1498 344 1527 a
374 1481 528 1524 litteris.
635 1486 748 1537 juste.
805 1481 839 1522 F
841 1485 913 1522 lor.
944 1485 1065 1522 etiam
1089 1485 1174 1524 iste.
1231 1483 1358 1526 Amb.
1384 1489 1421 1527 1.
1441 1487 1598 1527 videtur

140 1549 242 1600 juste
275 1549 489 1602 exhibere,
536 1565 667 1605 neque
698 1553 808 1589 enim
837 1551 1060 1606 quidquam
1087 1560 1266 1593 notatur.
1379 1565 1454 1608 pet.
1487 1571 1596 1596 conc.

145 1619 207 1658 sit.
264 1615 374 1658 Flor.
408 1617 550 1672 Camp.
593 1635 701 1659 conc.
740 1620 804 1658 sit.
842 1629 920 1672 pet.
1034 1623 1256 1660 insectatio.
1314 1620 1451 1662 ΤΗΙ-10.
1483 1638 1506 1662 a
1535 1639 1597 1676 pr.

144 1699 200 1725 111.
231 1683 341 1725 Flor.
373 1684 487 1724 Alm.
519 1689 572 1725 cis
602 1688 779 1725 sectatio.
895 1687 990 1739 quia
1019 1685 1146 1739 culpa.
1201 1685 1326 1728 Amb.
1352 1694 1391 1729 1.
1430 1689 1532 1744 quod
1563 1707 1598 1730 c.

228 1754 319 1805 quia
350 1769 426 1792 rec.
482 1751 609 1792 Amb.
635 1759 672 1792 1.
706 1751 810 1806 quod
841 1768 871 1791 r.
986 1752 1167 1793 recidere.
1227 1752 1352 1795 Amb.
1389 1761 1427 1797 1.
1459 1756 1596 1796 Turio.

147 1817 256 1859 Flor.
289 1819 427 1859 redire.
527 1830 563 1858 ct
588 1822 628 1858 in
650 1836 737 1874 qua.
786 1818 909 1858 Amb.
933 1824 969 1859 1.
1000 1818 1034 1860 F
1036 1823 1111 1861 lor.
1137 1822 1248 1862 Sich.
1282 1826 1474 1865 omittunt
1495 1840 1599 1880 quo-

148 1902 227 1941 que
257 1896 306 1927 ct.
423 1890 462 1925 in
493 1903 614 1941 quem.
671 1885 795 1927 Amb.
821 1892 859 1927 1.
890 1890 930 1926 in
959 1903 1069 1942 quae.

261 1955 297 2006 ξ.
330 1959 396 1995 29.
453 1957 594 1994 mimis.
642 1953 675 1994 F
677 1958 750 1995 lor.
774 1957 894 1994 etiam
916 1957 1101 1995 minimis.
1214 1956 1408 1999 scurrilis.
1457 1957 1596 2000 Turic-

148 2038 170 2061 ἃ
191 2038 250 2075 pr.
274 2038 331 2063 m.
361 2025 560 2064 scurris-is.
609 2020 730 2062 Goth.
761 2021 959 2061 scurrulis.
1011 2021 1151 2077 Camp.
1182 2024 1350 2064 scurilis.
1464 2026 1596 2080 objici.

147 2089 285 2129 Turio.
326 2089 434 2130 Flor.
479 2091 598 2130 abici.
660 2088 782 2130 Goth.
816 2090 930 2130 obici.
1045 2092 1084 2129 in
1105 2093 1212 2144 joco.
1270 2091 1397 2132 Amb.
1421 2098 1458 2133 1.
1491 2109 1512 2132 a
1533 2109 1594 2147 pr.

146 2173 202 2199 m.
233 2157 342 2199 Flor.
380 2158 467 2198 Par.
501 2164 538 2198 1.
569 2161 610 2197 in
641 2157 750 2206 loco,
788 2159 859 2197 sed
884 2160 1033 2211 optime
1060 2160 1290 2200 emendavit
1321 2160 1596 2214 Spaldingius.

235 2225 530 2280 exprobranda.
590 2224 714 2266 Goth.
745 2225 1077 2280 exprobrandum.

262 2296 298 2345 ξ.
332 2298 398 2334 31.
456 2297 497 2333 in
524 2296 654 2334 miser.
714 2292 838 2334 Amb.
861 2297 898 2334 1.
928 2308 1007 2334 om.
1038 2296 1088 2332 in.
1188 2295 1310 2352 jbret.
1368 2294 1596 2352 Flenfirc.

263 2362 302 2410 §.
335 2365 400 2401 32.
457 2361 649 2402 accidere.
695 2360 729 2401 F
732 2364 806 2401 lor.
838 2361 1029 2401 accedere.
1123 2360 1406 2403 adversarium.
1457 2362 1596 2405 Turio.

130 2437 172 2467 'a
200 2443 261 2480 pr.
292 2443 348 2468 m.
388 2426 527 2481 Camp.
563 2431 792 2470 versarium.
909 2432 978 2469 ait.
1037 2429 1104 2470 Sic
1144 2429 1266 2473 Amb.
1302 2436 1339 2471 1.
1378 2441 1444 2470 aut
1476 2434 1598 2469 etiam

148 2495 255 2535 Flor.
373 2494 525 2535 habere.
586 2495 708 2537 Goth.
740 2500 896 2538 omittit.
955 2497 1091 2538 Turio.
1124 2513 1147 2536 a
1169 2514 1246 2539 sec.
1268 2514 1322 2538 m.
1356 2495 1491 2538 Guelf.
1522 2497 1597 2536 Iza-

150 2562 265 2602 beret.
373 2562 474 2602 hom.
497 2566 569 2603 cui.
617 2564 684 2604 Sic
704 2568 826 2604 etlam
855 2564 979 2606 Amb.
1002 2570 1036 2605 1.
1065 2564 1172 2605 Flor.
1276 2565 1396 2623 Afer,
1430 2564 1501 2604 Em
1523 2567 1595 2604 tui.

150 2627 274 2669 Amb.
302 2634 337 2669 1.
375 2645 397 2668 a
427 2645 485 2682 pr.
517 2645 573 2671 m.
611 2632 664 2670 A.
697 2647 750 2670 ca·
777 2643 827 2671 tu.
866 2648 957 2672 cum
996 2633 1102 2674 Flor.
1167 2633 1301 2674 Etiam
1340 2630 1450 2673 Sich.
1483 2632 1533 2671 A.
1559 2642 1596 2670 cc

152 2706 203 2736 iu.
318 2700 398 2751 inq.
430 2700 559 2737 animi.
618 2698 685 2739 Sic
717 2702 836 2740 etiam
863 2699 985 2740 Amb.
1011 2707 1045 2741 1.
