1775 3091
401 226 453 267 all
483 225 646 279 Quintil.
675 225 804 266 Instit.
848 222 925 274 VI,
965 230 1002 265 3.
1037 227 1072 278 ξ.
1106 226 1307 266 48-58.
1491 230 1570 267 335

132 338 238 393 quod
267 342 314 380 is.
374 339 510 381 Turio.
553 355 575 380 a
604 355 664 393 pr.
697 354 753 380 m.
793 337 905 380 Sich.
938 339 1041 394 quod
1069 339 1142 383 his.
1258 350 1353 378 esset
1381 338 1567 379 Aciclum.

131 405 239 447 Flor.
269 409 388 447 etiam
417 418 452 448 et
481 407 535 448 acl
563 411 694 448 citum.
751 406 877 448 Amb.
900 413 936 447 1.
967 419 999 446 et
1032 410 1191 448 (lcitum.
1251 405 1392 461 Camp.
1424 409 1572 446 omittit

131 485 241 515 essct.
328 491 427 516 cnm.
479 473 614 516 Guelf.
647 492 727 515 cur.
825 474 1011 515 Tollinm.
1063 475 1195 515 Turio.
1226 473 1389 514 tullium.
1433 473 1572 515 Guelf.

132 539 272 595 Camp.
307 542 474 583 Tullios.
533 543 650 584 Voss.
680 548 719 583 2.
763 542 928 582 Tallios.
988 541 1111 585 Goth.
1150 542 1316 584 Tollios.
1428 541 1570 582 dictos.

132 605 253 649 Goth.
285 609 444 651 (lictum.

243 677 277 728 ξ.
307 678 373 717 54.
429 677 657 717 nominibus.
716 676 853 718 Tul-ic.
883 692 906 717 a
925 693 984 732 pr.
1005 694 1060 719 m.
1091 679 1278 719 omnibus.
1366 676 1570 719 Mallium.

129 739 266 784 Guelf.
297 743 512 786 Manlium.

244 814 280 864 §.
315 817 377 853 55.
435 824 471 852 et
497 813 576 867 adj.
598 824 631 852 et
652 813 750 855 datr.
800 812 869 855 Sic
891 815 1013 854 etiam
1029 812 1062 853 F
1064 816 1136 854 lor.
1223 813 1322 852 binis
1343 815 1570 868 conjunctis.

131 877 256 921 Amb.
278 885 316 919 1.
346 894 368 919 a
388 896 447 933 pr.
471 896 526 921 m.
559 880 697 922 Tui-ic.
731 897 753 921 a
780 897 839 935 pr.
869 897 925 921 m.
957 881 1064 922 Flor.
1096 881 1197 920 clivis
1224 885 1324 936 conj.
1382 880 1507 922 Amb.
1533 887 1573 922 1.

133 962 157 986 a
181 963 259 988 sec.
295 963 351 988 m.
392 947 529 987 divisis
566 951 867 1004 conjunctisque.
924 948 1042 990 Alm.
1074 949 1178 988 cliais
1206 953 1305 1004 conj.
1421 953 1575 1005 saepius

118 1014 300 1072 frigida.
348 1015 457 1057 Flor.
488 1019 588 1070 sepis
604 1016 798 1073 fragitla.
903 1028 1042 1057 tamen.
1094 1015 1233 1070 Camp.
1264 1029 1344 1057 iam
1373 1035 1436 1059 cm.
1534 1021 1575 1059 in

132 1086 196 1123 iis.
249 1083 385 1124 Turio.
416 1086 457 1123 in
485 1083 559 1123 lzis.
673 1085 890 1125 trahuntur.
948 1083 1084 1125 Guelf.
1114 1084 1337 1127 traduntur.
1451 1086 1573 1127 dicta.

130 1151 272 1192 Turic.
315 1167 336 1190 a
363 1167 441 1193 sec.
475 1167 532 1192 m.
573 1151 704 1193 ducta.
831 1156 878 1193 ei.
935 1152 1002 1193 Sic
1038 1155 1159 1192 etlam
1196 1152 1305 1193 Flor.
1340 1154 1428 1195 Par.
1464 1161 1503 1195 1.
1531 1160 1574 1196 2.

133 1219 363 1273 [Pertinere
385 1220 461 1259 hoc
492 1221 542 1259 ad
573 1219 658 1260 Cic.
688 1223 733 1259 iu
756 1220 876 1261 Verr.
906 1223 977 1260 lib.
1007 1227 1032 1261 2
1062 1235 1145 1274 cap.
1178 1224 1201 1259 6
1233 1231 1334 1262 extr.
1366 1232 1405 1262 et
1429 1227 1456 1263 7
1484 1225 1572 1262 init.

131 1297 269 1342 postea
292 1290 492 1328 intellexit
522 1287 793 1342 Spaldingius.
850 1288 1009 1329 Verum
1035 1298 1212 1328 extrema
1233 1293 1365 1339 verba,
1390 1293 1468 1330 nisi
1488 1293 1575 1345 quis

131 1356 440 1395 reconditiorem
490 1359 800 1408 explicationem
845 1359 1049 1407 inveniat,
1105 1358 1250 1395 frustra
1287 1373 1311 1397 a
1350 1361 1575 1411 suspicione

131 1424 298 1471 νοθείας
326 1422 590 1476 defenderit]
704 1424 875 1463 Herculi
904 1440 1023 1478 quem.
1080 1422 1206 1463 Amb.
1239 1430 1276 1464 1.
1315 1424 1422 1470 Flor.
1453 1428 1576 1466 etiam

131 1490 343 1531 Herculem
376 1492 411 1529 ei
437 1506 557 1545 quem.
660 1491 931 1531 molestiorem.
981 1489 1094 1532 Sich.
1127 1494 1248 1531 etiam
1275 1492 1474 1533 molestior
1503 1505 1573 1535 est.

214 1558 306 1599 mol.
339 1574 448 1612 apro.
506 1557 615 1599 Flor.
647 1574 670 1599 a
697 1575 756 1613 pr.
788 1575 844 1599 m.
874 1561 1012 1600 inserit
1042 1563 1164 1600 etiam
1190 1575 1335 1615 quam,
1377 1576 1494 1601 asec.
1516 1577 1574 1603 m.

132 1642 226 1667 cum
261 1624 388 1666 Amb.
418 1630 456 1667 1.
499 1626 659 1667 modest.
697 1643 813 1680 quam
851 1644 887 1666 a.
1001 1628 1273 1682 Erymanthio.
1331 1628 1438 1669 Flor.
1486 1645 1576 1684 ery-

130 1696 293 1734 maniio.
359 1691 483 1734 Goth.
523 1694 793 1733 her-imantlzio.
858 1693 998 1747 Camp.
1043 1695 1299 1749 lacrymando.
1425 1696 1572 1753 fuisse.

134 1761 269 1802 Guelf.
288 1760 452 1816 sitisset.
567 1760 777 1800 Sacerdoti
808 1759 968 1800 Verres.
1025 1759 1151 1801 Aan.
1177 1767 1216 1802 1.
1247 1778 1408 1818 quoque
1442 1781 1576 1803 sacer-

134 1829 205 1869 clos
226 1830 351 1878 verri,
381 1830 542 1868 fortasse
567 1831 677 1881 prius
696 1828 912 1867 sacerdotis
934 1832 1072 1868 verris.
1121 1829 1226 1870 Flor.
1247 1831 1431 1871 sacerdos
1451 1835 1547 1872 veri.

244 1899 278 1949 §.
309 1900 375 1935 56.
430 1912 580 1948 genere.
638 1896 745 1937 Flor.
776 1899 939 1936 omittit.
1051 1898 1234 1938 Cecinna.
1291 1897 1429 1939 Turio.
1464 1899 1575 1940 Ceci-

136 1980 200 2003 na.
297 1972 381 2002 test.
410 1962 512 2003 Sex.
572 1961 705 2004 Guelf.
738 1967 858 2005 inser.
888 1974 939 2006 et.
1033 1968 1155 2019 niger.
1199 1965 1341 2021 Camp.
1371 1970 1490 2021 viget.

134 2041 189 2071 est
216 2028 283 2069 ille
314 2030 407 2070 Ter.
466 2030 533 2071 Sic
562 2034 683 2071 etiffln
709 2032 814 2073 Flor.

247 2099 284 2148 §.
318 2102 384 2139 57.
437 2098 626 2140 Acriora.
681 2099 820 2141 Turio.
850 2103 1047 2141 accriorcz.
1141 2111 1231 2140 sunt
1258 2113 1294 2141 et
1323 2100 1419 2156 eleg.
1463 2101 1571 2143 Flor.

135 2165 274 2219 Camp.
307 2176 343 2204 et
360 2165 406 2206 el.
427 2182 460 2207 s.
545 2167 620 2208 his.
662 2166 788 2208 Amb.
813 2174 852 2209 1.
882 2167 1004 2210 Goth.
1036 2171 1098 2209 iis.
1185 2169 1390 2226 referatur.
1432 2169 1572 2228 Turio.

136 2244 341 2274 reseratur.
426 2238 634 2289 quaejam.
674 2235 741 2276 Sic
761 2239 883 2276 etiam
899 2236 932 2277 F
933 2239 1007 2277 lor.
1029 2235 1119 2277 Par.
1146 2241 1184 2278 1.
1208 2243 1265 2289 2.,
1297 2239 1368 2277 sed
1385 2236 1513 2278 Amb.
1532 2243 1571 2279 1.

135 2304 229 2356 quia
255 2305 288 2355 j.
396 2303 646 2356 jocabantur.
692 2303 830 2345 Turio.
861 2319 884 2345 a
909 2321 970 2359 pr.
1000 2320 1056 2345 m.
1089 2304 1199 2346 Flor.
1229 2305 1485 2347 vocabantur.

134 2369 399 2424 Serapionem.
456 2369 563 2411 Flor.
596 2374 717 2411 etiam
748 2382 783 2411 et
808 2376 1049 2414 serationem.
1107 2372 1233 2414 Amb.
1256 2379 1293 2414 1.
1326 2376 1569 2415 serationem.

217 2454 264 2478 ea
290 2461 348 2468 -
371 2441 530 2491 petitur.
588 2438 729 2495 Camp.
769 2457 816 2481 ea
843 2441 893 2481 ab
922 2441 1022 2483 hom.
1049 2440 1154 2482 mocl.
1185 2457 1222 2481 n.
1249 2451 1327 2496 pet.
1442 2440 1569 2482 albus.

134 2503 273 2546 Tuxic.
304 2520 401 2558 apr.
420 2520 477 2545 m.
506 2506 615 2548 abus.

246 2577 282 2626 §.
314 2576 379 2614 58.
450 2572 497 2614 Ρ.
536 2574 708 2615 Blessus.
775 2573 900 2618 Aan.
937 2581 975 2618 1.
1016 2594 1057 2632 p.
1102 2575 1275 2618 blessius.
1398 2575 1567 2615 Junium.

130 2638 260 2681 Amb.
284 2645 322 2681 1.
347 2639 498 2694 julium.
540 2641 657 2684 Voss.
679 2649 717 2684 2.
736 2647 905 2686 nimium.
950 2645 1122 2687 Colbert.
1142 2648 1300 2685 vinium.
1382 2659 1570 2685 macrum.

134 2706 273 2764 Camp.
300 2724 486 2751 marcum.
601 2709 727 2765 Quod.
777 2711 914 2756 Tul-ic.
947 2729 970 2754 a
997 2729 1057 2769 pr.
1083 2729 1138 2755 m.
1167 2716 1247 2769 qui.
