<?xml version="1.0" encoding="UTF-8"?>
<!DOCTYPE html PUBLIC "-//W3C//DTD XHTML 1.0 Transitional//EN"
    "http://www.w3.org/TR/xhtml1/DTD/xhtml1-transitional.dtd">
<html xmlns="http://www.w3.org/1999/xhtml" xml:lang="en" lang="en">
 <head>
  <title>
</title>
<meta http-equiv="Content-Type" content="text/html;charset=utf-8" />
  <meta name='ocr-system' content='tesseract 3.04.00' />
  <meta name='ocr-capabilities' content='ocr_page ocr_carea ocr_par ocr_line ocrx_word'/>
</head>
<body>
  <div class='ocr_page' id='page_1' title='image "./lexiconquintilia05bonnuoft_0104.png"; bbox 0 0 1775 3091; ppageno 0'>
   <div class='ocr_carea' id='block_1_1' title="bbox 240 243 1224 300">
    <p class='ocr_par' dir='ltr' id='par_1_1' title="bbox 240 243 1224 300">
     <span class='ocr_line' id='line_1_1' title="bbox 240 243 1224 300; baseline -0.007 -9"><span class='ocrx_word' id='word_1_1' title='bbox 240 255 291 291; x_wconf 79' lang='lat'><strong>62</strong></span> <span class='ocrx_word' id='word_1_2' title='bbox 676 243 943 300; x_wconf 74' lang='lat' dir='ltr'><em>Supplemcnta</em></span> <span class='ocrx_word' id='word_1_3' title='bbox 968 243 1224 287; x_wconf 71' lang='lat' dir='ltr'><strong><em>annotationis</em></strong></span> 
     </span>
    </p>
   </div>
   <div class='ocr_carea' id='block_1_2' title="bbox 239 345 1679 1222">
    <p class='ocr_par' dir='ltr' id='par_1_2' title="bbox 239 345 1668 546">
     <span class='ocr_line' id='line_1_2' title="bbox 240 345 1668 415; baseline -0.008 -11"><span class='ocrx_word' id='word_1_4' title='bbox 240 365 357 404; x_wconf 80' lang='lat' dir='ltr'>refert</span> <span class='ocrx_word' id='word_1_5' title='bbox 384 360 582 415; x_wconf 52' lang='lat' dir='ltr'>Regius„</span> <span class='ocrx_word' id='word_1_6' title='bbox 632 358 727 399; x_wconf 75' lang='lat' dir='ltr'><strong>haec</strong></span> <span class='ocrx_word' id='word_1_7' title='bbox 764 367 799 397; x_wconf 82' lang='lat' dir='ltr'><strong>et</strong></span> <span class='ocrx_word' id='word_1_8' title='bbox 837 373 934 398; x_wconf 84' lang='lat' dir='ltr'><em>cura</em></span> <span class='ocrx_word' id='word_1_9' title='bbox 971 358 1007 396; x_wconf 82' lang='lat' dir='ltr'><strong>ci</strong></span> <span class='ocrx_word' id='word_1_10' title='bbox 1033 354 1172 397; x_wconf 82' lang='lat' dir='ltr'>Turio.</span> <span class='ocrx_word' id='word_1_11' title='bbox 1202 369 1225 394; x_wconf 83' lang='lat' dir='ltr'>a</span> <span class='ocrx_word' id='word_1_12' title='bbox 1252 370 1312 410; x_wconf 84' lang='lat' dir='ltr'><strong>pr.</strong></span> <span class='ocrx_word' id='word_1_13' title='bbox 1342 369 1398 396; x_wconf 83' lang='lat' dir='ltr'><strong>m.</strong></span> <span class='ocrx_word' id='word_1_14' title='bbox 1452 345 1668 407; x_wconf 70' lang='lat' dir='ltr'><strong>Receptam</strong></span> 
     </span>
     <span class='ocr_line' id='line_1_3' title="bbox 239 419 1667 481; baseline -0.008 -10"><span class='ocrx_word' id='word_1_15' title='bbox 239 440 370 475; x_wconf 74' lang='lat' dir='ltr'><strong>tuetur</strong></span> <span class='ocrx_word' id='word_1_16' title='bbox 412 429 536 470; x_wconf 81' lang='lat' dir='ltr'><strong>Amb.</strong></span> <span class='ocrx_word' id='word_1_17' title='bbox 567 431 606 467; x_wconf 89' lang='lat'><strong>1.</strong></span> <span class='ocrx_word' id='word_1_18' title='bbox 714 423 819 481; x_wconf 81' lang='lat' dir='ltr'><strong><em>fuit.</em></strong></span> <span class='ocrx_word' id='word_1_19' title='bbox 869 423 1024 480; x_wconf 68' lang='lat' dir='ltr'><strong>prqfiaeit</strong></span> <span class='ocrx_word' id='word_1_20' title='bbox 1066 422 1205 464; x_wconf 83' lang='lat' dir='ltr'><strong>Turic.</strong></span> <span class='ocrx_word' id='word_1_21' title='bbox 1241 421 1352 463; x_wconf 88' lang='lat' dir='ltr'><strong>Flor.</strong></span> <span class='ocrx_word' id='word_1_22' title='bbox 1390 419 1512 463; x_wconf 79' lang='lat' dir='ltr'><strong>Bodl.</strong></span> <span class='ocrx_word' id='word_1_23' title='bbox 1553 419 1667 462; x_wconf 81' lang='lat' dir='ltr'><strong>Ahn.</strong></span> 
     </span>
     <span class='ocr_line' id='line_1_4' title="bbox 239 490 871 546; baseline -0.011 -6"><span class='ocrx_word' id='word_1_24' title='bbox 239 498 330 540; x_wconf 82' lang='lat' dir='ltr'>Bal.</span> <span class='ocrx_word' id='word_1_25' title='bbox 358 497 483 538; x_wconf 81' lang='lat' dir='ltr'>Amb.</span> <span class='ocrx_word' id='word_1_26' title='bbox 506 500 543 535; x_wconf 86' lang='lat'><strong>1.</strong></span> <span class='ocrx_word' id='word_1_27' title='bbox 573 492 711 546; x_wconf 83' lang='lat' dir='ltr'><strong>Camp.</strong></span> <span class='ocrx_word' id='word_1_28' title='bbox 739 490 871 533; x_wconf 84' lang='lat' dir='ltr'><strong>Andr.</strong></span> 
     </span>
    </p>

    <p class='ocr_par' dir='ltr' id='par_1_3' title="bbox 240 555 1676 889">
     <span class='ocr_line' id='line_1_5' title="bbox 353 555 1672 619; baseline -0.009 -13"><span class='ocrx_word' id='word_1_29' title='bbox 353 567 386 619; x_wconf 62' lang='grc' dir='ltr'><strong>ξ.</strong></span> <span class='ocrx_word' id='word_1_30' title='bbox 416 569 484 605; x_wconf 86' lang='grc'><strong>29.</strong></span> <span class='ocrx_word' id='word_1_31' title='bbox 541 561 608 601; x_wconf 88' lang='lat' dir='ltr'><strong>Ac</strong></span> <span class='ocrx_word' id='word_1_32' title='bbox 637 562 693 607; x_wconf 80' lang='lat' dir='ltr'><strong>si,</strong></span> <span class='ocrx_word' id='word_1_33' title='bbox 729 567 774 600; x_wconf 89' lang='lat' dir='ltr'><strong>ut</strong></span> <span class='ocrx_word' id='word_1_34' title='bbox 801 561 960 614; x_wconf 82' lang='lat' dir='ltr'><strong>optabat</strong></span> <span class='ocrx_word' id='word_1_35' title='bbox 995 557 1159 612; x_wconf 58' lang='lat' dir='ltr'>Spald„</span> <span class='ocrx_word' id='word_1_36' title='bbox 1207 565 1361 611; x_wconf 81' lang='lat' dir='ltr'><strong>praeter</strong></span> <span class='ocrx_word' id='word_1_37' title='bbox 1386 555 1524 597; x_wconf 82' lang='lat' dir='ltr'><strong>Turio.</strong></span> <span class='ocrx_word' id='word_1_38' title='bbox 1552 559 1672 595; x_wconf 77' lang='lat' dir='ltr'><strong>etiam</strong></span> 
     </span>
     <span class='ocr_line' id='line_1_6' title="bbox 240 621 1672 681; baseline -0.009 -6"><span class='ocrx_word' id='word_1_39' title='bbox 240 635 349 675; x_wconf 90' lang='lat' dir='ltr'><strong>Flor.</strong></span> <span class='ocrx_word' id='word_1_40' title='bbox 388 631 489 673; x_wconf 86' lang='lat' dir='ltr'><strong>Obr.</strong></span> <span class='ocrx_word' id='word_1_41' title='bbox 529 631 619 668; x_wconf 81' lang='lat' dir='ltr'><strong>fort.</strong></span> <span class='ocrx_word' id='word_1_42' title='bbox 659 625 785 666; x_wconf 84' lang='lat' dir='ltr'><strong>Amb.</strong></span> <span class='ocrx_word' id='word_1_43' title='bbox 820 631 859 667; x_wconf 87' lang='lat'><strong>1.</strong></span> <span class='ocrx_word' id='word_1_44' title='bbox 918 628 1004 681; x_wconf 86' lang='lat' dir='ltr'><strong>[cf.</strong></span> <span class='ocrx_word' id='word_1_45' title='bbox 1033 626 1204 668; x_wconf 78' lang='lat' dir='ltr'><strong>Praefat.</strong></span> <span class='ocrx_word' id='word_1_46' title='bbox 1241 623 1340 664; x_wconf 90' lang='lat' dir='ltr'><strong>Vol.</strong></span> <span class='ocrx_word' id='word_1_47' title='bbox 1371 623 1391 663; x_wconf 92' lang='lat' dir='ltr'>I</span> <span class='ocrx_word' id='word_1_48' title='bbox 1429 639 1468 678; x_wconf 89' lang='lat' dir='ltr'><strong>p.</strong></span> <span class='ocrx_word' id='word_1_49' title='bbox 1506 621 1672 663; x_wconf 88' lang='lat' dir='ltr'>LXIX.</span> 
     </span>
     <span class='ocr_line' id='line_1_7' title="bbox 242 694 1674 755; baseline -0.008 -14"><span class='ocrx_word' id='word_1_50' title='bbox 242 701 452 755; x_wconf 77' lang='lat' dir='ltr'>Supplebis</span> <span class='ocrx_word' id='word_1_51' title='bbox 487 699 606 749; x_wconf 68' lang='lat' dir='ltr'>igitur</span> <span class='ocrx_word' id='word_1_52' title='bbox 633 698 677 734; x_wconf 82' lang='lat' dir='ltr'><strong>in</strong></span> <span class='ocrx_word' id='word_1_53' title='bbox 705 697 784 734; x_wconf 83' lang='lat' dir='ltr'><strong>fine</strong></span> <span class='ocrx_word' id='word_1_54' title='bbox 811 694 902 734; x_wconf 81' lang='lat' dir='ltr'><em>illos</em></span> <span class='ocrx_word' id='word_1_55' title='bbox 931 706 1032 735; x_wconf 80' lang='lat' dir='ltr'><em>certe</em></span> <span class='ocrx_word' id='word_1_56' title='bbox 1058 717 1115 727; x_wconf 84' lang='lat'><strong>--</strong></span> <span class='ocrx_word' id='word_1_57' title='bbox 1143 695 1228 732; x_wconf 85' lang='lat' dir='ltr'>sine</span> <span class='ocrx_word' id='word_1_58' title='bbox 1255 694 1404 731; x_wconf 85' lang='lat' dir='ltr'><strong>musice</strong></span> <span class='ocrx_word' id='word_1_59' title='bbox 1432 694 1563 744; x_wconf 81' lang='lat' dir='ltr'>legere</span> <span class='ocrx_word' id='word_1_60' title='bbox 1590 705 1674 730; x_wconf 89' lang='lat' dir='ltr'><strong>non</strong></span> 
     </span>
     <span class='ocr_line' id='line_1_8' title="bbox 241 759 1676 822; baseline -0.008 -14"><span class='ocrx_word' id='word_1_61' title='bbox 241 766 424 822; x_wconf 83' lang='lat' dir='ltr'>poterit.]</span> <span class='ocrx_word' id='word_1_62' title='bbox 538 765 703 802; x_wconf 77' lang='lat' dir='ltr'><em>incertus</em></span> <span class='ocrx_word' id='word_1_63' title='bbox 731 764 852 801; x_wconf 81' lang='lat' dir='ltr'><em>animi</em></span> <span class='ocrx_word' id='word_1_64' title='bbox 885 761 1022 803; x_wconf 83' lang='lat' dir='ltr'><strong>Turio.</strong></span> <span class='ocrx_word' id='word_1_65' title='bbox 1054 776 1077 800; x_wconf 79' lang='lat' dir='ltr'>a</span> <span class='ocrx_word' id='word_1_66' title='bbox 1103 777 1182 801; x_wconf 86' lang='lat' dir='ltr'><em>sec.</em></span> <span class='ocrx_word' id='word_1_67' title='bbox 1213 775 1268 800; x_wconf 85' lang='lat' dir='ltr'><strong>m.</strong></span> <span class='ocrx_word' id='word_1_68' title='bbox 1312 759 1444 813; x_wconf 87' lang='lat' dir='ltr'>(prius</span> <span class='ocrx_word' id='word_1_69' title='bbox 1475 767 1557 798; x_wconf 85' lang='lat' dir='ltr'>erat</span> <span class='ocrx_word' id='word_1_70' title='bbox 1587 774 1676 798; x_wconf 84' lang='lat' dir='ltr'><em>cac-</em></span> 
     </span>
     <span class='ocr_line' id='line_1_9' title="bbox 242 825 1549 889; baseline -0.007 -14"><span class='ocrx_word' id='word_1_71' title='bbox 242 835 327 889; x_wconf 75' lang='lat' dir='ltr'><strong>ius)</strong></span> <span class='ocrx_word' id='word_1_72' title='bbox 368 832 486 873; x_wconf 87' lang='lat' dir='ltr'>Bodl.</span> <span class='ocrx_word' id='word_1_73' title='bbox 518 829 656 883; x_wconf 82' lang='lat' dir='ltr'><strong>Camp.</strong></span> <span class='ocrx_word' id='word_1_74' title='bbox 770 839 825 868; x_wconf 80' lang='lat' dir='ltr'><strong>est</strong></span> <span class='ocrx_word' id='word_1_75' title='bbox 854 846 919 869; x_wconf 87' lang='lat' dir='ltr'><strong>an.</strong></span> <span class='ocrx_word' id='word_1_76' title='bbox 944 828 1052 868; x_wconf 88' lang='lat' dir='ltr'>Flor.</span> <span class='ocrx_word' id='word_1_77' title='bbox 1167 827 1256 867; x_wconf 78' lang='lat' dir='ltr'><strong>dub.</strong></span> <span class='ocrx_word' id='word_1_78' title='bbox 1287 826 1333 865; x_wconf 78' lang='lat' dir='ltr'><strong>de</strong></span> <span class='ocrx_word' id='word_1_79' title='bbox 1361 826 1414 866; x_wconf 83' lang='lat' dir='ltr'><strong>al.</strong></span> <span class='ocrx_word' id='word_1_80' title='bbox 1441 825 1549 866; x_wconf 86' lang='lat' dir='ltr'>Flor.</span> 
     </span>
    </p>

    <p class='ocr_par' dir='ltr' id='par_1_4' title="bbox 241 892 1679 1222">
     <span class='ocr_line' id='line_1_10' title="bbox 352 892 1675 954; baseline -0.007 -13"><span class='ocrx_word' id='word_1_81' title='bbox 352 906 388 954; x_wconf 86' lang='lat'><strong>§.</strong></span> <span class='ocrx_word' id='word_1_82' title='bbox 421 907 487 941; x_wconf 87' lang='grc'><strong>30.</strong></span> <span class='ocrx_word' id='word_1_83' title='bbox 546 914 663 952; x_wconf 82' lang='lat' dir='ltr'><em>usque</em></span> <span class='ocrx_word' id='word_1_84' title='bbox 702 906 792 935; x_wconf 82' lang='lat' dir='ltr'><strong>ante</strong></span> <span class='ocrx_word' id='word_1_85' title='bbox 829 894 885 936; x_wconf 80' lang='lat' dir='ltr'><strong>ad</strong></span> <span class='ocrx_word' id='word_1_86' title='bbox 918 906 1016 935; x_wconf 79' lang='lat' dir='ltr'><strong><em>nost.</em></strong></span> <span class='ocrx_word' id='word_1_87' title='bbox 1056 898 1175 934; x_wconf 83' lang='lat' dir='ltr'><strong>inser.</strong></span> <span class='ocrx_word' id='word_1_88' title='bbox 1213 893 1350 934; x_wconf 79' lang='lat' dir='ltr'>Turio.</span> <span class='ocrx_word' id='word_1_89' title='bbox 1391 893 1499 936; x_wconf 86' lang='lat' dir='ltr'><strong>Flor.</strong></span> <span class='ocrx_word' id='word_1_90' title='bbox 1536 892 1675 946; x_wconf 86' lang='lat' dir='ltr'><strong>Camp.</strong></span> 
     </span>
     <span class='ocr_line' id='line_1_11' title="bbox 241 961 1679 1013; baseline -0.008 -2"><span class='ocrx_word' id='word_1_91' title='bbox 241 972 349 1012; x_wconf 85' lang='lat' dir='ltr'><strong>Jens.</strong></span> <span class='ocrx_word' id='word_1_92' title='bbox 389 977 427 1008; x_wconf 86' lang='lat' dir='ltr'><strong>et</strong></span> <span class='ocrx_word' id='word_1_93' title='bbox 466 976 554 1007; x_wconf 77' lang='lat' dir='ltr'><em>cett.</em></span> <span class='ocrx_word' id='word_1_94' title='bbox 587 966 677 1005; x_wconf 81' lang='lat' dir='ltr'><strong>edd.</strong></span> <span class='ocrx_word' id='word_1_95' title='bbox 710 973 800 1003; x_wconf 82' lang='lat' dir='ltr'>ante</span> <span class='ocrx_word' id='word_1_96' title='bbox 831 962 984 1013; x_wconf 88' lang='lat' dir='ltr'><strong>Colin.‚</strong></span> <span class='ocrx_word' id='word_1_97' title='bbox 1026 977 1106 1001; x_wconf 83' lang='lat' dir='ltr'><em>acc.</em></span> <span class='ocrx_word' id='word_1_98' title='bbox 1139 961 1265 1013; x_wconf 83' lang='lat' dir='ltr'><strong>Obr.3</strong></span> <span class='ocrx_word' id='word_1_99' title='bbox 1320 976 1371 1000; x_wconf 80' lang='lat' dir='ltr'><strong>ex</strong></span> <span class='ocrx_word' id='word_1_100' title='bbox 1400 961 1461 1000; x_wconf 67' lang='lat' dir='ltr'><strong>his</strong></span> <span class='ocrx_word' id='word_1_101' title='bbox 1493 964 1679 1000; x_wconf 73' lang='lat' dir='ltr'>omittunt</span> 
     </span>
     <span class='ocr_line' id='line_1_12' title="bbox 241 1028 1677 1093; baseline -0.007 -16"><span class='ocrx_word' id='word_1_102' title='bbox 241 1055 357 1093; x_wconf 78' lang='lat' dir='ltr'><strong><em>usque</em></strong></span> <span class='ocrx_word' id='word_1_103' title='bbox 384 1039 512 1090; x_wconf 86' lang='lat' dir='ltr'>priore</span> <span class='ocrx_word' id='word_1_104' title='bbox 540 1038 628 1074; x_wconf 83' lang='lat' dir='ltr'><strong>loco</strong></span> <span class='ocrx_word' id='word_1_105' title='bbox 658 1032 766 1074; x_wconf 88' lang='lat' dir='ltr'>Flor.</span> <span class='ocrx_word' id='word_1_106' title='bbox 797 1029 896 1071; x_wconf 86' lang='lat' dir='ltr'><em>Loc.</em></span> <span class='ocrx_word' id='word_1_107' title='bbox 928 1028 1032 1070; x_wconf 79' lang='lat' dir='ltr'><strong>Bad.</strong></span> <span class='ocrx_word' id='word_1_108' title='bbox 1064 1029 1175 1069; x_wconf 81' lang='lat' dir='ltr'><strong>Sich.</strong></span> <span class='ocrx_word' id='word_1_109' title='bbox 1208 1028 1335 1081; x_wconf 80' lang='lat' dir='ltr'><strong>Obr.3</strong></span> <span class='ocrx_word' id='word_1_110' title='bbox 1385 1038 1551 1083; x_wconf 79' lang='lat' dir='ltr'><strong>utroque</strong></span> <span class='ocrx_word' id='word_1_111' title='bbox 1589 1031 1677 1068; x_wconf 86' lang='lat' dir='ltr'><strong>loco</strong></span> 
     </span>
     <span class='ocr_line' id='line_1_13' title="bbox 243 1095 1677 1154; baseline -0.007 -8"><span class='ocrx_word' id='word_1_112' title='bbox 243 1107 392 1146; x_wconf 85' lang='lat' dir='ltr'>habent</span> <span class='ocrx_word' id='word_1_113' title='bbox 430 1102 568 1143; x_wconf 88' lang='lat' dir='ltr'><strong>Turic.</strong></span> <span class='ocrx_word' id='word_1_114' title='bbox 608 1098 667 1154; x_wconf 82' lang='lat' dir='ltr'><strong>(is</strong></span> <span class='ocrx_word' id='word_1_115' title='bbox 710 1102 819 1138; x_wconf 82' lang='lat' dir='ltr'>enim</span> <span class='ocrx_word' id='word_1_116' title='bbox 854 1097 1030 1152; x_wconf 84' lang='lat' dir='ltr'><strong>tacetur)</strong></span> <span class='ocrx_word' id='word_1_117' title='bbox 1081 1096 1219 1150; x_wconf 78' lang='lat' dir='ltr'><strong>Camp.</strong></span> <span class='ocrx_word' id='word_1_118' title='bbox 1257 1096 1367 1138; x_wconf 85' lang='lat' dir='ltr'><strong>Jens.</strong></span> <span class='ocrx_word' id='word_1_119' title='bbox 1410 1096 1530 1137; x_wconf 85' lang='lat' dir='ltr'>Tarv.</span> <span class='ocrx_word' id='word_1_120' title='bbox 1569 1095 1677 1136; x_wconf 88' lang='lat' dir='ltr'><strong>Ven.</strong></span> 
     </span>
     <span class='ocr_line' id='line_1_14' title="bbox 243 1162 1678 1222; baseline -0.008 -8"><span class='ocrx_word' id='word_1_121' title='bbox 243 1173 341 1214; x_wconf 82' lang='lat' dir='ltr'>Ald.</span> <span class='ocrx_word' id='word_1_122' title='bbox 398 1169 618 1222; x_wconf 85' lang='lat' dir='ltr'><strong>Receptam</strong></span> <span class='ocrx_word' id='word_1_123' title='bbox 653 1176 786 1206; x_wconf 77' lang='lat' dir='ltr'>tuetur</span> <span class='ocrx_word' id='word_1_124' title='bbox 824 1164 949 1205; x_wconf 81' lang='lat' dir='ltr'><strong>Amb.</strong></span> <span class='ocrx_word' id='word_1_125' title='bbox 977 1170 1038 1216; x_wconf 84' lang='lat'><strong>1.‚</strong></span> <span class='ocrx_word' id='word_1_126' title='bbox 1089 1179 1182 1203; x_wconf 86' lang='lat' dir='ltr'><strong>cum</strong></span> <span class='ocrx_word' id='word_1_127' title='bbox 1213 1162 1347 1205; x_wconf 87' lang='lat' dir='ltr'><strong>Guelf.</strong></span> <span class='ocrx_word' id='word_1_128' title='bbox 1380 1162 1501 1204; x_wconf 81' lang='lat' dir='ltr'><strong>Goth.</strong></span> <span class='ocrx_word' id='word_1_129' title='bbox 1513 1194 1525 1213; x_wconf 80' lang='grc'>,</span> <span class='ocrx_word' id='word_1_130' title='bbox 1566 1167 1599 1203; x_wconf 84' lang='lat' dir='ltr'><strong>si</strong></span> <span class='ocrx_word' id='word_1_131' title='bbox 1630 1165 1678 1203; x_wconf 82' lang='lat' dir='ltr'><strong>de</strong></span> 
     </span>
    </p>
   </div>
   <div class='ocr_carea' id='block_1_3' title="bbox 243 1234 1678 1361">
    <p class='ocr_par' dir='ltr' id='par_1_5' title="bbox 243 1234 1678 1361">
     <span class='ocr_line' id='line_1_15' title="bbox 243 1234 760 1288; baseline -0.015 -8"><span class='ocrx_word' id='word_1_132' title='bbox 243 1242 305 1280; x_wconf 88' lang='lat' dir='ltr'><strong>his</strong></span> <span class='ocrx_word' id='word_1_133' title='bbox 334 1247 438 1278; x_wconf 81' lang='lat' dir='ltr'>recte</span> <span class='ocrx_word' id='word_1_134' title='bbox 468 1239 592 1276; x_wconf 74' lang='lat' dir='ltr'><strong>tacujt</strong></span> <span class='ocrx_word' id='word_1_135' title='bbox 622 1234 760 1288; x_wconf 84' lang='lat' dir='ltr'>Spald.</span> 
     </span>
     <span class='ocr_line' id='line_1_16' title="bbox 357 1297 1678 1361; baseline -0.007 -15"><span class='ocrx_word' id='word_1_136' title='bbox 357 1309 389 1361; x_wconf 62' lang='grc' dir='ltr'><strong>ξ.</strong></span> <span class='ocrx_word' id='word_1_137' title='bbox 423 1310 488 1345; x_wconf 88' lang='grc'><strong>31.</strong></span> <span class='ocrx_word' id='word_1_138' title='bbox 548 1319 601 1341; x_wconf 66' lang='grc' dir='ltr'><strong>απτ</strong></span> <span class='ocrx_word' id='word_1_139' title='bbox 630 1303 688 1340; x_wconf 71' lang='lat' dir='ltr'><strong>his</strong></span> <span class='ocrx_word' id='word_1_140' title='bbox 709 1300 810 1356; x_wconf 75' lang='lat' dir='ltr'><strong><em>quib,</em></strong></span> <span class='ocrx_word' id='word_1_141' title='bbox 840 1298 980 1341; x_wconf 78' lang='lat' dir='ltr'>Turio.</span> <span class='ocrx_word' id='word_1_142' title='bbox 1010 1297 1119 1340; x_wconf 87' lang='lat' dir='ltr'>Flor.</span> <span class='ocrx_word' id='word_1_143' title='bbox 1150 1297 1270 1340; x_wconf 84' lang='lat' dir='ltr'><strong>Bodl.</strong></span> <span class='ocrx_word' id='word_1_144' title='bbox 1297 1298 1411 1339; x_wconf 84' lang='lat' dir='ltr'>Alm.</span> <span class='ocrx_word' id='word_1_145' title='bbox 1439 1297 1530 1338; x_wconf 79' lang='lat' dir='ltr'><strong>Bal.</strong></span> <span class='ocrx_word' id='word_1_146' title='bbox 1553 1297 1678 1351; x_wconf 85' lang='lat' dir='ltr'><strong>Obr.;</strong></span> 
     </span>
    </p>
   </div>
   <div class='ocr_carea' id='block_1_4' title="bbox 245 1366 1684 1566">
    <p class='ocr_par' dir='ltr' id='par_1_6' title="bbox 245 1366 1684 1566">
     <span class='ocr_line' id='line_1_17' title="bbox 246 1366 1681 1431; baseline -0.007 -15"><span class='ocrx_word' id='word_1_147' title='bbox 246 1379 340 1431; x_wconf 81' lang='lat' dir='ltr'><em>ipsis</em></span> <span class='ocrx_word' id='word_1_148' title='bbox 378 1382 510 1413; x_wconf 73' lang='lat' dir='ltr'><strong>tuetur</strong></span> <span class='ocrx_word' id='word_1_149' title='bbox 548 1370 674 1410; x_wconf 78' lang='lat' dir='ltr'><strong>Aan.</strong></span> <span class='ocrx_word' id='word_1_150' title='bbox 705 1374 740 1408; x_wconf 89' lang='lat'><strong>1.</strong></span> <span class='ocrx_word' id='word_1_151' title='bbox 855 1366 969 1406; x_wconf 71' lang='lat' dir='ltr'><em>morlo</em></span> <span class='ocrx_word' id='word_1_152' title='bbox 1009 1384 1092 1406; x_wconf 81' lang='lat' dir='ltr'><strong>sum</strong></span> <span class='ocrx_word' id='word_1_153' title='bbox 1134 1366 1243 1407; x_wconf 85' lang='lat' dir='ltr'>Flor.</span> <span class='ocrx_word' id='word_1_154' title='bbox 1357 1383 1503 1422; x_wconf 77' lang='lat' dir='ltr'><em>quaque</em></span> <span class='ocrx_word' id='word_1_155' title='bbox 1531 1377 1566 1404; x_wconf 85' lang='lat' dir='ltr'><strong>et</strong></span> <span class='ocrx_word' id='word_1_156' title='bbox 1592 1368 1681 1421; x_wconf 79' lang='lat' dir='ltr'><strong><em>ipsi.</em></strong></span> 
     </span>
     <span class='ocr_line' id='line_1_18' title="bbox 246 1432 1683 1487; baseline -0.008 -4"><span class='ocrx_word' id='word_1_157' title='bbox 246 1455 280 1483; x_wconf 82' lang='lat' dir='ltr'><strong>ct</strong></span> <span class='ocrx_word' id='word_1_158' title='bbox 318 1445 443 1482; x_wconf 78' lang='lat' dir='ltr'>omitt.</span> <span class='ocrx_word' id='word_1_159' title='bbox 479 1438 616 1479; x_wconf 75' lang='lat' dir='ltr'>Turio.</span> <span class='ocrx_word' id='word_1_160' title='bbox 653 1436 761 1477; x_wconf 82' lang='lat' dir='ltr'>Flor.</span> <span class='ocrx_word' id='word_1_161' title='bbox 802 1434 917 1475; x_wconf 81' lang='lat' dir='ltr'>AJm.</span> <span class='ocrx_word' id='word_1_162' title='bbox 954 1433 1079 1475; x_wconf 85' lang='lat' dir='ltr'><strong>Amb.</strong></span> <span class='ocrx_word' id='word_1_163' title='bbox 1103 1440 1141 1475; x_wconf 89' lang='lat'><strong>1.</strong></span> <span class='ocrx_word' id='word_1_164' title='bbox 1164 1441 1203 1476; x_wconf 79' lang='lat'><strong>2,</strong></span> <span class='ocrx_word' id='word_1_165' title='bbox 1247 1432 1382 1475; x_wconf 78' lang='lat' dir='ltr'><strong>Guelf.</strong></span> <span class='ocrx_word' id='word_1_166' title='bbox 1414 1432 1552 1487; x_wconf 83' lang='lat' dir='ltr'><strong>Camp.</strong></span> <span class='ocrx_word' id='word_1_167' title='bbox 1590 1433 1683 1487; x_wconf 85' lang='lat' dir='ltr'>(qui</span> 
     </span>
     <span class='ocr_line' id='line_1_19' title="bbox 245 1499 1684 1566; baseline -0.008 -15"><span class='ocrx_word' id='word_1_168' title='bbox 245 1519 369 1566; x_wconf 86' lang='lat' dir='ltr'><strong>praet.</strong></span> <span class='ocrx_word' id='word_1_169' title='bbox 400 1509 520 1547; x_wconf 85' lang='lat' dir='ltr'><strong>habet</strong></span> <span class='ocrx_word' id='word_1_170' title='bbox 549 1520 737 1560; x_wconf 82' lang='lat' dir='ltr'><strong><em>quasque,</em></strong></span> <span class='ocrx_word' id='word_1_171' title='bbox 768 1511 813 1543; x_wconf 91' lang='lat' dir='ltr'><strong>ut</strong></span> <span class='ocrx_word' id='word_1_172' title='bbox 833 1501 971 1544; x_wconf 82' lang='lat' dir='ltr'><strong>Turio.</strong></span> <span class='ocrx_word' id='word_1_173' title='bbox 1006 1517 1027 1541; x_wconf 89' lang='lat' dir='ltr'>a</span> <span class='ocrx_word' id='word_1_174' title='bbox 1056 1518 1134 1542; x_wconf 86' lang='lat' dir='ltr'><em>sec.</em></span> <span class='ocrx_word' id='word_1_175' title='bbox 1164 1502 1248 1555; x_wconf 85' lang='lat' dir='ltr'><strong>m.)</strong></span> <span class='ocrx_word' id='word_1_176' title='bbox 1362 1501 1546 1556; x_wconf 79' lang='lat' dir='ltr'><em>spadicas</em></span> <span class='ocrx_word' id='word_1_177' title='bbox 1575 1499 1684 1553; x_wconf 80' lang='lat' dir='ltr'>[Re-</span> 
     </span>
    </p>
   </div>
   <div class='ocr_carea' id='block_1_5' title="bbox 248 1568 1685 1753">
    <p class='ocr_par' dir='ltr' id='par_1_7' title="bbox 248 1568 1685 1753">
     <span class='ocr_line' id='line_1_20' title="bbox 248 1568 1685 1632; baseline -0.006 -14"><span class='ocrx_word' id='word_1_178' title='bbox 248 1582 333 1632; x_wconf 80' lang='lat' dir='ltr'>gius</span> <span class='ocrx_word' id='word_1_179' title='bbox 380 1576 548 1626; x_wconf 85' lang='lat' dir='ltr'><strong>conjecit</strong></span> <span class='ocrx_word' id='word_1_180' title='bbox 588 1571 818 1622; x_wconf 78' lang='lat' dir='ltr'><strong><em>sambucas,</em></strong></span> <span class='ocrx_word' id='word_1_181' title='bbox 869 1571 976 1625; x_wconf 88' lang='lat' dir='ltr'>quod</span> <span class='ocrx_word' id='word_1_182' title='bbox 1018 1573 1165 1624; x_wconf 84' lang='lat' dir='ltr'><strong>recepit</strong></span> <span class='ocrx_word' id='word_1_183' title='bbox 1210 1568 1382 1619; x_wconf 83' lang='lat' dir='ltr'>Badius,</span> <span class='ocrx_word' id='word_1_184' title='bbox 1433 1578 1597 1624; x_wconf 79' lang='lat' dir='ltr'>uterquc</span> <span class='ocrx_word' id='word_1_185' title='bbox 1647 1578 1685 1609; x_wconf 83' lang='lat' dir='ltr'><strong>et</strong></span> 
     </span>
     <span class='ocr_line' id='line_1_21' title="bbox 248 1635 1684 1694; baseline -0.006 -8"><span class='ocrx_word' id='word_1_186' title='bbox 248 1645 475 1687; x_wconf 73' lang='lat' dir='ltr'>Cervicorn.</span> <span class='ocrx_word' id='word_1_187' title='bbox 504 1644 600 1694; x_wconf 78' lang='lat' dir='ltr'><strong>soli,</strong></span> <span class='ocrx_word' id='word_1_188' title='bbox 651 1648 762 1694; x_wconf 86' lang='lat' dir='ltr'><strong>puto.</strong></span> <span class='ocrx_word' id='word_1_189' title='bbox 802 1635 970 1691; x_wconf 81' lang='lat' dir='ltr'>Spald.]</span> <span class='ocrx_word' id='word_1_190' title='bbox 1085 1636 1319 1677; x_wconf 77' lang='lat' dir='ltr'><em>recusandas</em></span> <span class='ocrx_word' id='word_1_191' title='bbox 1346 1635 1472 1677; x_wconf 80' lang='lat' dir='ltr'><strong>Aan.</strong></span> <span class='ocrx_word' id='word_1_192' title='bbox 1498 1641 1535 1676; x_wconf 88' lang='lat'><strong>1.</strong></span> <span class='ocrx_word' id='word_1_193' title='bbox 1575 1635 1684 1678; x_wconf 84' lang='lat' dir='ltr'><strong>Flor.</strong></span> 
     </span>
     <span class='ocr_line' id='line_1_22' title="bbox 248 1726 461 1753; baseline -0.019 0"><span class='ocrx_word' id='word_1_194' title='bbox 248 1729 271 1753; x_wconf 78' lang='lat' dir='ltr'>a</span> <span class='ocrx_word' id='word_1_195' title='bbox 300 1729 378 1753; x_wconf 85' lang='lat' dir='ltr'><em>sec.</em></span> <span class='ocrx_word' id='word_1_196' title='bbox 404 1726 461 1750; x_wconf 89' lang='lat' dir='ltr'><strong>m.</strong></span> 
     </span>
    </p>
   </div>
   <div class='ocr_carea' id='block_1_6' title="bbox 249 1769 1692 2706">
    <p class='ocr_par' dir='ltr' id='par_1_8' title="bbox 249 1769 1692 2434">
     <span class='ocr_line' id='line_1_23' title="bbox 363 1769 1685 1829; baseline -0.005 -11"><span class='ocrx_word' id='word_1_197' title='bbox 363 1780 400 1829; x_wconf 86' lang='lat'><strong>§.</strong></span> <span class='ocrx_word' id='word_1_198' title='bbox 433 1782 498 1817; x_wconf 82' lang='lat'><strong>32.</strong></span> <span class='ocrx_word' id='word_1_199' title='bbox 557 1776 771 1828; x_wconf 80' lang='lat' dir='ltr'><em>accipimus</em></span> <span class='ocrx_word' id='word_1_200' title='bbox 808 1771 947 1813; x_wconf 84' lang='lat' dir='ltr'>Turio.</span> <span class='ocrx_word' id='word_1_201' title='bbox 989 1771 1097 1813; x_wconf 90' lang='lat' dir='ltr'>Flor.</span> <span class='ocrx_word' id='word_1_202' title='bbox 1133 1771 1254 1812; x_wconf 86' lang='lat' dir='ltr'>Bodl.</span> <span class='ocrx_word' id='word_1_203' title='bbox 1294 1770 1407 1813; x_wconf 75' lang='lat' dir='ltr'><strong>Alm.</strong></span> <span class='ocrx_word' id='word_1_204' title='bbox 1436 1769 1562 1811; x_wconf 82' lang='lat' dir='ltr'><strong>Amb.</strong></span> <span class='ocrx_word' id='word_1_205' title='bbox 1586 1776 1624 1814; x_wconf 91' lang='lat'><strong>1.</strong></span> <span class='ocrx_word' id='word_1_206' title='bbox 1644 1777 1685 1812; x_wconf 87' lang='lat'><strong>2.</strong></span> 
     </span>
     <span class='ocr_line' id='line_1_24' title="bbox 250 1838 1688 1893; baseline -0.008 -4"><span class='ocrx_word' id='word_1_207' title='bbox 250 1848 385 1890; x_wconf 87' lang='lat' dir='ltr'><strong>Guels.</strong></span> <span class='ocrx_word' id='word_1_208' title='bbox 416 1845 563 1886; x_wconf 79' lang='lat' dir='ltr'>Joann.</span> <span class='ocrx_word' id='word_1_209' title='bbox 596 1841 744 1883; x_wconf 82' lang='lat' dir='ltr'>Baliol.</span> <span class='ocrx_word' id='word_1_210' title='bbox 851 1844 977 1893; x_wconf 81' lang='lat' dir='ltr'><em>jussa.</em></span> <span class='ocrx_word' id='word_1_211' title='bbox 1030 1843 1179 1893; x_wconf 84' lang='lat' dir='ltr'><em>jussum</em></span> <span class='ocrx_word' id='word_1_212' title='bbox 1215 1838 1352 1879; x_wconf 83' lang='lat' dir='ltr'>Turio.</span> <span class='ocrx_word' id='word_1_213' title='bbox 1392 1838 1488 1893; x_wconf 87' lang='lat' dir='ltr'>(qui</span> <span class='ocrx_word' id='word_1_214' title='bbox 1517 1847 1554 1878; x_wconf 85' lang='lat' dir='ltr'><strong>et</strong></span> <span class='ocrx_word' id='word_1_215' title='bbox 1577 1841 1688 1892; x_wconf 79' lang='lat' dir='ltr'><em>juve-</em></span> 
     </span>
     <span class='ocr_line' id='line_1_25' title="bbox 250 1905 1689 1964; baseline -0.008 -9"><span class='ocrx_word' id='word_1_216' title='bbox 250 1933 333 1955; x_wconf 80' lang='lat' dir='ltr'><strong>nem</strong></span> <span class='ocrx_word' id='word_1_217' title='bbox 372 1929 394 1953; x_wconf 85' lang='lat' dir='ltr'>a</span> <span class='ocrx_word' id='word_1_218' title='bbox 429 1928 507 1953; x_wconf 83' lang='lat' dir='ltr'><strong>sec.</strong></span> <span class='ocrx_word' id='word_1_219' title='bbox 546 1908 630 1964; x_wconf 92' lang='grc'><strong>111.)</strong></span> <span class='ocrx_word' id='word_1_220' title='bbox 670 1908 777 1948; x_wconf 81' lang='lat' dir='ltr'>Flor.</span> <span class='ocrx_word' id='word_1_221' title='bbox 820 1906 944 1948; x_wconf 72' lang='lat' dir='ltr'>Ajnb.</span> <span class='ocrx_word' id='word_1_222' title='bbox 971 1911 1008 1948; x_wconf 83' lang='lat'><strong>1.</strong></span> <span class='ocrx_word' id='word_1_223' title='bbox 1125 1905 1187 1945; x_wconf 77' lang='lat' dir='ltr'><em>illi</em></span> <span class='ocrx_word' id='word_1_224' title='bbox 1214 1923 1310 1960; x_wconf 80' lang='lat' dir='ltr'><strong><em>quae</em></strong></span> <span class='ocrx_word' id='word_1_225' title='bbox 1338 1906 1540 1945; x_wconf 72' lang='lat' dir='ltr'><strong><em>adhibetur</em></strong></span> <span class='ocrx_word' id='word_1_226' title='bbox 1568 1909 1689 1946; x_wconf 80' lang='lat' dir='ltr'>etialn</span> 
     </span>
     <span class='ocr_line' id='line_1_26' title="bbox 249 1973 1688 2028; baseline -0.008 -5"><span class='ocrx_word' id='word_1_227' title='bbox 249 1984 386 2024; x_wconf 80' lang='lat' dir='ltr'>Turio.</span> <span class='ocrx_word' id='word_1_228' title='bbox 419 1996 442 2019; x_wconf 85' lang='lat' dir='ltr'>a</span> <span class='ocrx_word' id='word_1_229' title='bbox 468 1995 545 2019; x_wconf 88' lang='lat' dir='ltr'><em>sec.</em></span> <span class='ocrx_word' id='word_1_230' title='bbox 578 1993 633 2017; x_wconf 89' lang='lat' dir='ltr'><strong>m.</strong></span> <span class='ocrx_word' id='word_1_231' title='bbox 663 1976 771 2017; x_wconf 86' lang='lat' dir='ltr'><strong>Flor.</strong></span> <span class='ocrx_word' id='word_1_232' title='bbox 804 1989 827 2012; x_wconf 88' lang='lat' dir='ltr'>a</span> <span class='ocrx_word' id='word_1_233' title='bbox 851 1991 929 2015; x_wconf 89' lang='lat' dir='ltr'><em>sec.</em></span> <span class='ocrx_word' id='word_1_234' title='bbox 959 1990 1014 2015; x_wconf 85' lang='lat' dir='ltr'><strong>m.</strong></span> <span class='ocrx_word' id='word_1_235' title='bbox 1046 1973 1115 2027; x_wconf 82' lang='lat' dir='ltr'><strong>(in</strong></span> <span class='ocrx_word' id='word_1_236' title='bbox 1141 1983 1309 2028; x_wconf 82' lang='lat' dir='ltr'><strong>utroque</strong></span> <span class='ocrx_word' id='word_1_237' title='bbox 1333 1977 1440 2026; x_wconf 85' lang='lat' dir='ltr'><strong>prius</strong></span> <span class='ocrx_word' id='word_1_238' title='bbox 1471 1983 1552 2014; x_wconf 82' lang='lat' dir='ltr'><strong>erat</strong></span> <span class='ocrx_word' id='word_1_239' title='bbox 1573 1973 1688 2013; x_wconf 75' lang='lat' dir='ltr'><em>adhi-</em></span> 
     </span>
     <span class='ocr_line' id='line_1_27' title="bbox 253 2039 1691 2102; baseline -0.007 -13"><span class='ocrx_word' id='word_1_240' title='bbox 253 2048 408 2102; x_wconf 70' lang='lat' dir='ltr'><em>beatur)</em></span> <span class='ocrx_word' id='word_1_241' title='bbox 442 2046 580 2099; x_wconf 78' lang='lat' dir='ltr'><strong>Cfflnp.</strong></span> <span class='ocrx_word' id='word_1_242' title='bbox 610 2047 701 2084; x_wconf 83' lang='lat' dir='ltr'><strong>fort.</strong></span> <span class='ocrx_word' id='word_1_243' title='bbox 741 2041 867 2082; x_wconf 83' lang='lat' dir='ltr'><strong>Amb.</strong></span> <span class='ocrx_word' id='word_1_244' title='bbox 893 2047 931 2082; x_wconf 88' lang='lat'><strong>1.</strong></span> <span class='ocrx_word' id='word_1_245' title='bbox 990 2041 1219 2081; x_wconf 74' lang='lat' dir='ltr'><em>adhibentur</em></span> <span class='ocrx_word' id='word_1_246' title='bbox 1248 2043 1379 2080; x_wconf 83' lang='lat' dir='ltr'>ceteri.</span> <span class='ocrx_word' id='word_1_247' title='bbox 1493 2039 1691 2080; x_wconf 80' lang='lat' dir='ltr'><em>allectioni</em></span> 
     </span>
     <span class='ocr_line' id='line_1_28' title="bbox 254 2105 1689 2166; baseline -0.008 -9"><span class='ocrx_word' id='word_1_248' title='bbox 254 2121 373 2158; x_wconf 78' lang='lat' dir='ltr'>etiam</span> <span class='ocrx_word' id='word_1_249' title='bbox 402 2114 540 2166; x_wconf 84' lang='lat' dir='ltr'><strong>Camp.</strong></span> <span class='ocrx_word' id='word_1_250' title='bbox 568 2112 659 2153; x_wconf 83' lang='lat' dir='ltr'><strong>Par.</strong></span> <span class='ocrx_word' id='word_1_251' title='bbox 681 2116 720 2151; x_wconf 87' lang='lat'><strong>2.</strong></span> <span class='ocrx_word' id='word_1_252' title='bbox 743 2114 781 2149; x_wconf 85' lang='lat'><strong>6.</strong></span> <span class='ocrx_word' id='word_1_253' title='bbox 840 2108 1089 2148; x_wconf 78' lang='lat' dir='ltr'><em>allactationi</em></span> <span class='ocrx_word' id='word_1_254' title='bbox 1116 2111 1235 2147; x_wconf 75' lang='lat' dir='ltr'><strong>etiam</strong></span> <span class='ocrx_word' id='word_1_255' title='bbox 1262 2108 1351 2148; x_wconf 84' lang='lat' dir='ltr'><strong>Par.</strong></span> <span class='ocrx_word' id='word_1_256' title='bbox 1375 2112 1414 2147; x_wconf 85' lang='lat'><strong>1.</strong></span> <span class='ocrx_word' id='word_1_257' title='bbox 1473 2105 1689 2162; x_wconf 83' lang='lat' dir='ltr'>[Gebhar-</span> 
     </span>
     <span class='ocr_line' id='line_1_29' title="bbox 255 2174 1688 2235; baseline -0.008 -10"><span class='ocrx_word' id='word_1_258' title='bbox 255 2187 326 2225; x_wconf 87' lang='lat' dir='ltr'><strong>dus</strong></span> <span class='ocrx_word' id='word_1_259' title='bbox 357 2181 557 2235; x_wconf 81' lang='lat' dir='ltr'><strong>Crepund.</strong></span> <span class='ocrx_word' id='word_1_260' title='bbox 589 2185 629 2231; x_wconf 85' lang='lat'><strong>2,</strong></span> <span class='ocrx_word' id='word_1_261' title='bbox 667 2184 690 2218; x_wconf 96' lang='lat'><strong>3</strong></span> <span class='ocrx_word' id='word_1_262' title='bbox 730 2175 865 2232; x_wconf 80' lang='lat' dir='ltr'>(apud</span> <span class='ocrx_word' id='word_1_263' title='bbox 895 2175 1062 2228; x_wconf 87' lang='lat' dir='ltr'><strong>Burm.)</strong></span> <span class='ocrx_word' id='word_1_264' title='bbox 1103 2174 1360 2215; x_wconf 73' lang='lat' dir='ltr'><strong>ablactationi</strong></span> <span class='ocrx_word' id='word_1_265' title='bbox 1397 2176 1477 2227; x_wconf 83' lang='lat' dir='ltr'>legi</span> <span class='ocrx_word' id='word_1_266' title='bbox 1501 2177 1688 2226; x_wconf 80' lang='lat' dir='ltr'><strong>malebat,</strong></span> 
     </span>
     <span class='ocr_line' id='line_1_30' title="bbox 254 2239 1687 2306; baseline -0.007 -14"><span class='ocrx_word' id='word_1_267' title='bbox 254 2255 469 2306; x_wconf 80' lang='lat' dir='ltr'>probatque</span> <span class='ocrx_word' id='word_1_268' title='bbox 507 2249 559 2290; x_wconf 60' lang='lat' dir='ltr'><strong>sid</strong></span> <span class='ocrx_word' id='word_1_269' title='bbox 602 2250 729 2300; x_wconf 84' lang='lat' dir='ltr'>glossa</span> <span class='ocrx_word' id='word_1_270' title='bbox 774 2247 897 2284; x_wconf 82' lang='lat' dir='ltr'>veteri</span> <span class='ocrx_word' id='word_1_271' title='bbox 951 2243 1189 2293; x_wconf 76' lang='lat' dir='ltr'><strong>delactatus,</strong></span> <span class='ocrx_word' id='word_1_272' title='bbox 1239 2239 1687 2294; x_wconf 78' lang='grc' dir='ltr'><strong>ἇπογεγαλακτισμένος.</strong></span> 
     </span>
     <span class='ocr_line' id='line_1_31' title="bbox 257 2309 1692 2364; baseline -0.008 -6"><span class='ocrx_word' id='word_1_273' title='bbox 257 2320 389 2359; x_wconf 74' lang='lat' dir='ltr'><strong>Etiam</strong></span> <span class='ocrx_word' id='word_1_274' title='bbox 417 2315 636 2357; x_wconf 74' lang='lat' dir='ltr'><em>ablactatus</em></span> <span class='ocrx_word' id='word_1_275' title='bbox 663 2313 696 2354; x_wconf 91' lang='lat' dir='ltr'>F</span> <span class='ocrx_word' id='word_1_276' title='bbox 699 2314 909 2354; x_wconf 76' lang='lat' dir='ltr'>orcellinus</span> <span class='ocrx_word' id='word_1_277' title='bbox 945 2313 990 2350; x_wconf 75' lang='lat' dir='ltr'><strong>in</strong></span> <span class='ocrx_word' id='word_1_278' title='bbox 1024 2309 1130 2351; x_wconf 85' lang='lat' dir='ltr'><strong>Lex.</strong></span> <span class='ocrx_word' id='word_1_279' title='bbox 1157 2310 1264 2363; x_wconf 86' lang='lat' dir='ltr'><strong>apud</strong></span> <span class='ocrx_word' id='word_1_280' title='bbox 1291 2309 1585 2364; x_wconf 81' lang='lat' dir='ltr'>Hieronymum</span> <span class='ocrx_word' id='word_1_281' title='bbox 1610 2312 1692 2362; x_wconf 73' lang='lat' dir='ltr'><strong>legi</strong></span> 
     </span>
     <span class='ocr_line' id='line_1_32' title="bbox 256 2382 578 2434; baseline -0.019 -6"><span class='ocrx_word' id='word_1_282' title='bbox 256 2392 550 2428; x_wconf 77' lang='lat' dir='ltr'><strong>cmmnonstrat.</strong></span> <span class='ocrx_word' id='word_1_283' title='bbox 563 2382 578 2434; x_wconf 92' lang='lat'>]</span> 
     </span>
    </p>

    <p class='ocr_par' dir='ltr' id='par_1_9' title="bbox 261 2440 1692 2706">
     <span class='ocr_line' id='line_1_33' title="bbox 371 2440 1691 2507; baseline -0.008 -15"><span class='ocrx_word' id='word_1_284' title='bbox 371 2454 404 2507; x_wconf 53' lang='grc' dir='ltr'><strong>ᾗ.</strong></span> <span class='ocrx_word' id='word_1_285' title='bbox 436 2456 501 2491; x_wconf 86' lang='grc'><strong>33.</strong></span> <span class='ocrx_word' id='word_1_286' title='bbox 560 2449 691 2488; x_wconf 71' lang='lat' dir='ltr'><strong><em>debent</em></strong></span> <span class='ocrx_word' id='word_1_287' title='bbox 721 2470 776 2479; x_wconf 91' lang='lat'><strong>—-</strong></span> <span class='ocrx_word' id='word_1_288' title='bbox 803 2455 961 2500; x_wconf 73' lang='lat' dir='ltr'><strong><em>possunt</em></strong></span> <span class='ocrx_word' id='word_1_289' title='bbox 1001 2444 1109 2486; x_wconf 88' lang='lat' dir='ltr'><strong>Jens.</strong></span> <span class='ocrx_word' id='word_1_290' title='bbox 1140 2452 1180 2484; x_wconf 82' lang='lat' dir='ltr'><strong>et</strong></span> <span class='ocrx_word' id='word_1_291' title='bbox 1209 2446 1308 2483; x_wconf 84' lang='lat' dir='ltr'>aliae</span> <span class='ocrx_word' id='word_1_292' title='bbox 1338 2443 1428 2484; x_wconf 82' lang='lat' dir='ltr'><strong>edd.</strong></span> <span class='ocrx_word' id='word_1_293' title='bbox 1460 2450 1552 2482; x_wconf 76' lang='lat' dir='ltr'><strong>ante</strong></span> <span class='ocrx_word' id='word_1_294' title='bbox 1578 2440 1691 2482; x_wconf 86' lang='lat' dir='ltr'><em>Sich.</em></span> 
     </span>
     <span class='ocr_line' id='line_1_34' title="bbox 261 2509 1580 2574; baseline -0.009 -14"><span class='ocrx_word' id='word_1_295' title='bbox 261 2538 356 2574; x_wconf 81' lang='lat' dir='ltr'><strong><em>quae</em></strong></span> <span class='ocrx_word' id='word_1_296' title='bbox 382 2522 417 2558; x_wconf 80' lang='lat' dir='ltr'><strong>si</strong></span> <span class='ocrx_word' id='word_1_297' title='bbox 445 2516 537 2573; x_wconf 72' lang='lat' dir='ltr'><em>quid</em></span> <span class='ocrx_word' id='word_1_298' title='bbox 566 2515 646 2572; x_wconf 87' lang='lat' dir='ltr'>(al.</span> <span class='ocrx_word' id='word_1_299' title='bbox 673 2529 730 2555; x_wconf 83' lang='lat' dir='ltr'><strong>m.</strong></span> <span class='ocrx_word' id='word_1_300' title='bbox 759 2529 858 2554; x_wconf 84' lang='lat' dir='ltr'>corr.</span> <span class='ocrx_word' id='word_1_301' title='bbox 889 2512 1064 2568; x_wconf 74' lang='lat' dir='ltr'><em>quidem)</em></span> <span class='ocrx_word' id='word_1_302' title='bbox 1103 2511 1184 2552; x_wconf 75' lang='lat' dir='ltr'><em>clici</em></span> <span class='ocrx_word' id='word_1_303' title='bbox 1213 2511 1346 2550; x_wconf 78' lang='lat' dir='ltr'><strong><em>debeat</em></strong></span> <span class='ocrx_word' id='word_1_304' title='bbox 1382 2509 1507 2550; x_wconf 86' lang='lat' dir='ltr'><strong>Amb.</strong></span> <span class='ocrx_word' id='word_1_305' title='bbox 1541 2514 1580 2548; x_wconf 87' lang='lat'><strong>1.</strong></span> 
     </span>
     <span class='ocr_line' id='line_1_35' title="bbox 263 2574 1692 2639; baseline -0.007 -15"><span class='ocrx_word' id='word_1_306' title='bbox 263 2598 391 2625; x_wconf 76' lang='lat' dir='ltr'><strong><em>nostro</em></strong></span> <span class='ocrx_word' id='word_1_307' title='bbox 423 2602 483 2639; x_wconf 85' lang='lat' dir='ltr'><strong>op.</strong></span> <span class='ocrx_word' id='word_1_308' title='bbox 511 2584 619 2624; x_wconf 73' lang='lat' dir='ltr'>Flor.</span> <span class='ocrx_word' id='word_1_309' title='bbox 736 2582 964 2622; x_wconf 75' lang='lat' dir='ltr'><em>consentient</em></span> <span class='ocrx_word' id='word_1_310' title='bbox 995 2583 1114 2620; x_wconf 72' lang='lat' dir='ltr'>etiam</span> <span class='ocrx_word' id='word_1_311' title='bbox 1143 2578 1282 2620; x_wconf 79' lang='lat' dir='ltr'>Turio.</span> <span class='ocrx_word' id='word_1_312' title='bbox 1311 2577 1420 2617; x_wconf 89' lang='lat' dir='ltr'><strong>Flor.</strong></span> <span class='ocrx_word' id='word_1_313' title='bbox 1451 2574 1576 2615; x_wconf 82' lang='lat' dir='ltr'><strong>Amb.</strong></span> <span class='ocrx_word' id='word_1_314' title='bbox 1602 2580 1640 2615; x_wconf 85' lang='lat'><strong>1.</strong></span> <span class='ocrx_word' id='word_1_315' title='bbox 1668 2590 1692 2614; x_wconf 85' lang='lat' dir='ltr'>a</span> 
     </span>
     <span class='ocr_line' id='line_1_36' title="bbox 264 2642 1691 2706; baseline -0.008 -13"><span class='ocrx_word' id='word_1_316' title='bbox 264 2669 340 2693; x_wconf 82' lang='lat' dir='ltr'><em>sec.</em></span> <span class='ocrx_word' id='word_1_317' title='bbox 370 2667 423 2692; x_wconf 90' lang='lat' dir='ltr'><strong>m.</strong></span> <span class='ocrx_word' id='word_1_318' title='bbox 456 2650 590 2706; x_wconf 85' lang='lat' dir='ltr'><strong>(prius</strong></span> <span class='ocrx_word' id='word_1_319' title='bbox 619 2657 725 2690; x_wconf 77' lang='lat' dir='ltr'>erat:</span> <span class='ocrx_word' id='word_1_320' title='bbox 766 2658 896 2688; x_wconf 83' lang='lat' dir='ltr'><strong><em>nostro</em></strong></span> <span class='ocrx_word' id='word_1_321' title='bbox 924 2646 1056 2687; x_wconf 73' lang='lat' dir='ltr'><em>velint.</em></span> <span class='ocrx_word' id='word_1_322' title='bbox 1114 2644 1163 2685; x_wconf 86' lang='lat' dir='ltr'><strong>In</strong></span> <span class='ocrx_word' id='word_1_323' title='bbox 1189 2661 1313 2699; x_wconf 76' lang='lat' dir='ltr'><strong><em>geom.</em></strong></span> <span class='ocrx_word' id='word_1_324' title='bbox 1342 2642 1442 2696; x_wconf 82' lang='lat' dir='ltr'><em>cet.)</em></span> <span class='ocrx_word' id='word_1_325' title='bbox 1472 2642 1562 2682; x_wconf 84' lang='lat' dir='ltr'>Par.</span> <span class='ocrx_word' id='word_1_326' title='bbox 1587 2647 1625 2682; x_wconf 87' lang='lat'><strong>1.</strong></span> <span class='ocrx_word' id='word_1_327' title='bbox 1650 2647 1691 2682; x_wconf 89' lang='grc'><strong>2.</strong></span> 
     </span>
    </p>
   </div>
   <div class='ocr_carea' id='block_1_7' title="bbox 267 2707 1692 2771">
    <p class='ocr_par' dir='ltr' id='par_1_10' title="bbox 267 2707 1692 2771">
     <span class='ocr_line' id='line_1_37' title="bbox 267 2707 1692 2771; baseline -0.008 -12"><span class='ocrx_word' id='word_1_328' title='bbox 267 2725 306 2760; x_wconf 82' lang='grc'><strong>6.</strong></span> <span class='ocrx_word' id='word_1_329' title='bbox 343 2718 479 2771; x_wconf 80' lang='lat' dir='ltr'><strong>Camp.</strong></span> <span class='ocrx_word' id='word_1_330' title='bbox 524 2717 630 2759; x_wconf 80' lang='lat' dir='ltr'>Jens.</span> <span class='ocrx_word' id='word_1_331' title='bbox 670 2725 708 2757; x_wconf 88' lang='lat' dir='ltr'><strong>et</strong></span> <span class='ocrx_word' id='word_1_332' title='bbox 737 2724 827 2757; x_wconf 82' lang='lat' dir='ltr'><em>cett.</em></span> <span class='ocrx_word' id='word_1_333' title='bbox 855 2714 946 2754; x_wconf 85' lang='lat' dir='ltr'><strong>edd.</strong></span> <span class='ocrx_word' id='word_1_334' title='bbox 976 2722 1066 2754; x_wconf 77' lang='lat' dir='ltr'><strong>ante</strong></span> <span class='ocrx_word' id='word_1_335' title='bbox 1099 2712 1281 2767; x_wconf 78' lang='lat' dir='ltr'><strong>Gryph.;</strong></span> <span class='ocrx_word' id='word_1_336' title='bbox 1328 2725 1409 2751; x_wconf 82' lang='lat' dir='ltr'><strong>acc.</strong></span> <span class='ocrx_word' id='word_1_337' title='bbox 1440 2708 1542 2751; x_wconf 84' lang='lat' dir='ltr'>Obr.</span> <span class='ocrx_word' id='word_1_338' title='bbox 1602 2707 1692 2762; x_wconf 80' lang='lat' dir='ltr'><strong>[De</strong></span> 
     </span>
    </p>
   </div>
  </div>
 </body>
</html>
