1775 3091
126 212 179 250 56
568 210 837 268 Supplcmenia
866 214 1126 254 annotationis

130 337 200 363 nos
228 321 351 375 Obr.‚
389 324 460 365 sed
487 322 612 366 Amb.
638 331 676 366 1.
715 325 866 379 quando
896 343 958 379 n.,
1005 335 1050 367 ut
1087 328 1223 380 vulgo.
1337 322 1563 365 deliciarum

131 391 255 443 vitia5
298 393 354 430 ita
382 395 502 432 etiam
528 392 635 432 Flor.
665 390 791 433 Aan.
814 400 854 435 2.
884 394 974 437 Par.
1001 400 1038 436 1.
1062 401 1102 436 2.
1135 394 1273 448 Camp.
1303 392 1412 435 Jens.
1442 391 1563 432 Tarv.

133 455 246 499 Sich.
277 456 376 498 Ald.
417 462 510 508 alii,
559 461 648 499 fort.
678 457 802 501 Amb.
828 467 867 502 1.
980 462 1211 518 ‹ItfleJ-imus
1242 464 1360 502 etiam
1388 460 1496 500 Jens.
1528 467 1567 498 et

133 522 257 565 Paris.
277 530 318 566 2.
337 526 378 567 4.
403 530 442 567 6.
501 525 772 582 defle-:cerintus
798 527 924 569 Amb.
953 535 1017 581 2.,
1065 530 1136 570 sed
1171 529 1406 586 clefluoeimus
1434 535 1568 567 tuetur

132 588 257 631 Amb.
280 596 318 631 1.
377 592 652 649 deflua-erimus
669 593 792 635 Paris.
816 600 853 636 1.
875 601 913 638 3.
933 601 972 639 5.
1062 597 1202 652 fidem.
1223 597 1346 638 Paris.
1370 601 1407 636 1.
1426 597 1567 649 finem·

247 670 284 720 §.
327 675 392 710 11.
461 669 580 709 Ennii
615 688 665 711 ac
700 671 796 713 Pac.
843 672 968 715 Amb.
1007 680 1044 716 1.
1085 674 1225 730 Camp.
1347 676 1568 728 asperitate.

136 738 369 775 auctoritate
395 739 510 778 Voss.
535 743 572 778 1.
602 738 711 780 Jens.
742 739 862 781 Tarv.
888 740 988 783 Loc.
1009 743 1117 784 Ven.
1232 744 1420 796 respirant
1450 743 1570 780 etiam

134 800 244 845 Flor.
273 802 397 853 Amb.
422 809 458 844 1.
480 810 520 844 2.
550 803 666 846 Alm.
696 806 820 848 Paris,
843 813 881 848 1.
905 814 945 849 2.
969 814 1006 849 6.
1036 809 1154 849 Voss.
1177 816 1217 851 2.
1240 815 1278 851 3.
1309 809 1416 851 Jens.
1448 808 1570 848 Tarv.

134 867 234 914 Loc.
281 869 389 913 Veu.
435 869 534 914 AJd.
605 877 788 928 respirent
836 884 996 915 notatur
1043 892 1093 916 ex
1137 876 1260 917 Paris.
1302 881 1342 917 5.
1391 885 1430 916 et
1475 875 1570 914 edit.

135 937 276 995 Camp.

247 1012 284 1060 ξ.
318 1010 385 1050 12.
441 1009 507 1064 qui
532 1025 647 1064 prop.
686 1007 823 1050 Turio.
853 1008 967 1050 AJm.
1031 1027 1211 1065 praepos.
1243 1009 1382 1064 Camp.
1495 1021 1574 1049 ter-

135 1076 299 1114 minetur
336 1073 460 1118 Amb.
490 1081 531 1120 2,-
577 1075 696 1116 Voss.
731 1082 769 1117 3.
813 1075 946 1119 Guelf.
991 1075 1112 1118 Goth.
1151 1078 1259 1119 Jens.
1292 1081 1374 1118 alii.
1433 1076 1575 1133 [Cou-

136 1144 327 1193 jecturam
374 1159 488 1185 suam
534 1149 578 1185 in
623 1153 718 1184 nota
766 1147 852 1184 crit.
892 1147 1156 1198 propositam,
1208 1155 1250 1185 ut
1289 1154 1327 1185 et
1361 1147 1499 1200 priora
1537 1153 1576 1184 et

138 1211 330 1263 sequenda
360 1211 577 1264 deleretur,
629 1215 710 1266 ipse
741 1210 878 1266 Spald.
912 1213 961 1251 ad
990 1211 1046 1262 V,
1076 1217 1142 1263 10,
1169 1214 1222 1253 42
1250 1212 1489 1266 redarguit.]

252 1288 289 1339 §.
323 1293 388 1328 13.
448 1289 701 1345 deprehendat
741 1294 860 1330 etiam
899 1289 1001 1332 Obr.
1043 1290 1121 1345 (ex
1160 1289 1352 1343 Argent.‚
1402 1293 1436 1330 si
1471 1299 1576 1329 recte

142 1353 334 1408 conjicio)
365 1355 488 1397 Paris.
515 1363 551 1397 1.
573 1364 611 1399 5.
642 1363 679 1398 6.
709 1359 817 1400 Flor.
848 1361 937 1399 fort.
968 1358 1093 1399 Amb.
1117 1363 1155 1398 1.
1215 1356 1422 1412 deprendat
1450 1355 1576 1396 Amb.

142 1425 183 1460 2.
243 1421 521 1475 deprehendant
542 1443 637 1478 quac
665 1425 802 1466 Turio.
860 1426 1094 1480 depr-endan!
1123 1442 1219 1480 quae
1248 1423 1385 1479 Calnp.
1444 1424 1578 1478 depre-

144 1485 382 1543 henclantque
398 1489 519 1531 Paris.
542 1498 580 1531 2.
696 1493 795 1545 leges
818 1493 892 1547 loq.
922 1492 1046 1533 Amb.
1071 1500 1108 1533 1.
1139 1508 1220 1531 non
1240 1495 1359 1532 male.
1472 1508 1579 1532 com—

142 1557 293 1605 posita,
331 1571 411 1597 om.
441 1569 546 1608 sunt,
586 1562 704 1601 etiam
732 1560 857 1600 Amb.
877 1566 916 1600 2.
947 1563 1023 1599 sint
1054 1577 1221 1613 compos,
1252 1558 1359 1599 Flor.

257 1634 292 1687 ᾗ.
327 1635 393 1674 14.
452 1651 552 1676 serv.
578 1650 689 1678 metr.
720 1638 856 1680 Turio.
886 1638 994 1680 Flor.
1024 1638 1148 1679 Amb.
1174 1643 1210 1679 1.
1243 1637 1380 1691 Camp.
1401 1636 1508 1678 Jens.
1540 1646 1579 1676 et

148 1697 240 1739 edd.
269 1711 370 1754 post.
405 1712 495 1742 ante
527 1701 683 1759 Gryph.

261 1782 296 1830 §.
330 1785 395 1820 16.
452 1783 546 1834 maj.
586 1799 668 1823 cur.
702 1786 801 1837 jam.
838 1785 947 1825 Jens.
991 1793 1029 1823 et
1067 1786 1154 1824 rell.
1187 1782 1396 1823 edd.‘a11te
1426 1782 1578 1835 Stoma,

151 1856 239 1883 exc.
268 1844 367 1887 Ald.
480 1861 640 1904 utraque
669 1856 794 1892 omitt.
826 1851 951 1902 Obr.‚
995 1867 1045 1892 ex
1072 1850 1240 1905 Argent.
1270 1853 1457 1903 profecto,
1489 1868 1583 1892 cum

152 1905 311 1965 Tul-ic.;
361 1917 503 1956 retinet
538 1916 662 1958 Amb.
696 1924 734 1959 1.
775 1935 867 1960 cum
903 1922 1054 1959 ceteris.
1167 1930 1307 1959 vocant
1335 1918 1459 1960 Amb.
1490 1925 1526 1959 1.
1559 1934 1582 1958 a

151 1990 212 2027 pr.
241 1993 296 2019 m.
327 1985 442 2024 Voss.
463 1987 501 2026 1.
525 1991 564 2026 3.

267 2059 301 2108 §.
336 2066 402 2103 17.
461 2063 597 2103 clccore
625 2079 716 2103 cum
745 2062 864 2103 Bodl.
894 2063 1040 2105 Joann.
1069 2062 1159 2103 Bal.
1191 2066 1309 2102 etiam
1327 2062 1433 2103 Flor.
1455 2062 1581 2103 Amb.

161 2125 199 2160 1·
220 2128 259 2164 2.
289 2125 411 2168 Paris.
445 2135 483 2170 1.
511 2137 552 2172 2.
583 2135 619 2171 5.
652 2131 787 2184 Camp.
818 2130 925 2170 Jens.
956 2130 1076 2170 Tarv.
1135 2130 1246 2183 [Hoc
1275 2133 1447 2169 malebat
1473 2140 1583 2183 post-

158 2186 234 2227 hac
264 2190 518 2249 Spaldingius
548 2200 688 2238 collato
718 2198 805 2239 loco
833 2196 909 2250 IV,
932 2204 973 2249 2,
997 2202 1070 2249 19,
1125 2198 1195 2235 sed
1229 2206 1428 2251 praeterea
1458 2201 1584 2248 conji—

158 2256 286 2297 ciebat
311 2259 467 2314 decore,
504 2265 624 2318 turm]

271 2337 304 2388 ᾗ.
341 2344 406 2380 18.
462 2343 613 2382 accedit
643 2341 776 2382 Turio.
805 2340 913 2382 Flor.
944 2340 1081 2395 Camp.
1140 2341 1295 2381 accedet
1318 2345 1436 2381 etiam
1458 2340 1584 2382 Amb.

163 2405 202 2439 2.
232 2401 352 2445 Paris.
371 2413 411 2447 2.
432 2409 472 2448 4.
493 2414 531 2450 5.
588 2410 738 2449 accidet
765 2409 887 2450 Paris.
909 2416 947 2450 1.
1005 2408 1166 2449 accedat
1195 2409 1317 2450 Paris.
1337 2414 1376 2449 3.
1490 2426 1586 2449 oret-

162 2470 307 2508 mribus
346 2475 435 2514 edd.
473 2479 682 2531 pleraeque
721 2486 814 2516 vett.
927 2476 1028 2531 quotl
1067 2480 1220 2530 quisque
1248 2493 1430 2530 nequam,
1479 2477 1585 2529 quod

163 2547 398 2590 magnopere
426 2545 555 2594 placet
581 2543 838 2591 Burmanno,
886 2545 956 2583 sed
984 2546 1067 2582 sine
1096 2559 1212 2583 causa
1241 2545 1406 2593 idonea,
1456 2544 1583 2592 judice

164 2598 416 2658 Spaldingio,
462 2608 596 2650 Turio.
636 2611 743 2651 Flor.
782 2610 894 2650 Alm.
932 2607 1055 2650 Amb.
1086 2615 1123 2649 1.
1165 2612 1267 2665 (nisi
1306 2611 1412 2663 quod
1448 2608 1584 2648 Turio.

167 2668 297 2724 quid)-
361 2677 528 2729 quisquis
566 2694 675 2732 unq„
723 2691 802 2718 om.
842 2676 965 2732 quod,
1005 2675 1127 2717 Amb.
1147 2683 1186 2718 2.
1244 2677 1337 2731 quid
1370 2678 1453 2730 quis
1496 2692 1586 2729 unq.
