1775 3091
171 225 224 260 86
607 223 877 278 Supplemcnm
908 226 1169 264 annotationis

173 349 320 389 quoque
337 334 486 375 habent
507 345 666 377 tautum
685 335 804 376 Tarv.
822 335 930 377 Ven.
953 336 1050 378 Ald.
1066 370 1076 390 ‚
1108 340 1250 393 quibus
1271 339 1403 380 acced.
1423 342 1544 380 Amb.
1570 347 1608 382 1.

173 417 198 441 a
217 418 294 442 sec.
315 418 369 442 ln.
399 402 537 444 Turio.
558 420 580 443 a
598 420 657 457 pr.
679 418 732 443 m.
761 403 868 445 Flor.
899 403 1014 445 Alm.
1069 406 1280 461 idoneaque
1311 405 1450 447 Turio.
1479 423 1502 447 a
1530 424 1608 449 sec.

171 484 230 509 111.
257 468 375 511 Bodl.
400 471 501 512 Obr.
559 472 717 521 idonea,
749 486 829 513 om.
850 489 933 527 que,
965 472 1105 528 Camp.
1221 474 1426 515 dictorum.
1483 475 1612 516 (licto-

175 554 255 575 rem
277 537 383 578 Flor.
407 554 430 578 a
449 555 507 592 pr.
527 554 582 577 m.
605 536 744 579 Turio.
859 543 898 580 in
919 544 1059 582 causis.
1118 544 1159 582 in
1184 545 1280 597 ipsis
1308 545 1436 583 causis
1467 542 1609 597 Camp.

170 619 264 644 cum
292 604 424 646 Andr.
540 608 797 648 auctoritatis.
852 608 1037 649 utilitatis
1063 608 1196 651 Guelf.
1224 626 1317 651 cum
1337 609 1449 651 Sich.
1467 626 1594 664 marg.

283 676 319 726 §.
352 678 391 714 5.
446 672 671 728 plurimum.
732 674 906 729 plurium
946 680 1068 717 etiam
1102 676 1241 719 Turio.
1268 678 1373 718 Flor.
1409 676 1536 719 Amb.
1568 683 1610 719 2.

171 738 295 780 Paris.
318 745 356 782 5.
470 751 550 778 tum
567 743 679 796 ficri.
723 745 824 798 fieri
854 754 934 783 tum
966 744 1074 787 Flor.
1189 746 1438 787 elimaverint.
1495 745 1613 786 limae-

170 810 294 847 vcrint
313 811 434 849 etiam
453 807 568 849 Sich.
595 808 721 851 Aan.
744 817 784 852 2.
811 809 936 853 Paris.
962 815 1001 853 5.

710 932 743 975 C
775 947 803 974 A
835 949 874 974 P.
932 930 1073 974 VIII.

280 1009 317 1060 §.
350 1013 388 1049 1.
447 1013 488 1050 in
514 1013 577 1053 iis.
637 1013 679 1052 in
701 1012 762 1051 his
791 1010 919 1054 Amb.
943 1017 980 1053 1.
1013 1001 1324 1066 Guelf.'Ca1np.
1354 1010 1467 1054 Sich.
1489 1011 1610 1057 Tarv.

168 1072 276 1115 Ven.
390 1094 523 1133 paene.
578 1077 641 1120 Ita
661 1078 788 1121 Amb.
821 1087 860 1122 2.
875 1112 886 1133 ‚
915 1095 999 1120 non
1009 1080 1126 1137 jere,
1156 1089 1202 1120 ut
1223 1078 1357 1121 Guelf.

279 1144 315 1195 §.
347 1150 386 1185 2.
442 1147 675 1200 probabant.
737 1148 906 1202 probant
944 1151 1066 1187 etiam
1102 1147 1225 1188 Paris.
1259 1152 1297 1187 1.
1341 1148 1436 1188 edit.
1469 1147 1610 1203 Camp.

166 1206 278 1250 sich.
334 1213 554 1266 probabant
578 1214 743 1255 Pottier.
766 1230 820 1255 ex
845 1214 967 1256 Paris.
990 1221 1030 1256 2.
1061 1230 1139 1255 sec.
1167 1230 1275 1255 man.
1300 1224 1339 1255 et
1360 1219 1397 1257 5.
1419 1219 1609 1258 enotavit.

278 1280 314 1330 §.
344 1284 382 1319 3.
440 1284 607 1336 propria
623 1293 702 1322 nat.
728 1283 829 1322 bona
848 1282 1234 1339 doctr-inafoverent.
1278 1286 1468 1337 propriae
1481 1282 1609 1325 Amb.

167 1348 205 1383 1.
229 1359 251 1384 a
271 1361 349 1386 sec.
369 1362 425 1388 m.
452 1347 591 1403 Camp.
652 1361 796 1390 natura
821 1365 893 1404 pro
919 1350 1104 1390 doctrina
1129 1349 1281 1389 habeut
1299 1349 1406 1390 Flor.
1430 1366 1453 1389 a
1473 1367 1532 1404 pr.
1553 1366 1609 1392 m.

165 1407 306 1454 Turio.
339 1414 406 1468 (in
433 1416 511 1456 hoc
541 1432 563 1456 a
593 1432 670 1458 sec.
703 1433 758 1459 m.
790 1433 889 1459 corr.
919 1415 1130 1473 naturam)
1162 1432 1255 1457 mun
1283 1416 1398 1458 Alm.
1457 1417 1609 1459 Totum

162 1479 300 1518 locum
322 1483 378 1521 ita
400 1483 467 1523 dat
489 1483 615 1525 Amb.
637 1490 675 1526 1.
709 1495 752 1524 ut
775 1503 839 1541 pr.
867 1496 947 1526 nat.
972 1486 1073 1525 bona
1095 1484 1297 1525 doctrinae
1309 1485 1498 1542 faverint.

163 1548 214 1584 sit
229 1564 364 1603 praep.
419 1568 556 1606 praep.
577 1554 630 1593 sit
649 1550 776 1594 Amb.
801 1558 838 1594 1.
861 1552 997 1593 Tmlc.
1016 1555 1125 1594 Flor.
1152 1551 1293 1606 Camp.
1312 1552 1422 1594 Jens.
1444 1563 1483 1595 et
1507 1563 1612 1608 posti

163 1623 257 1654 ante
284 1614 439 1672 Gryph.

274 1685 310 1735 §.
342 1686 381 1724 4.
436 1698 739 1743 praeceptorem.
792 1698 1024 1743 praeceptor
1066 1690 1188 1729 etiam
1227 1686 1336 1728 Flor.
1375 1701 1399 1726 a
1437 1702 1514 1727 sec.
1542 1685 1607 1742 [m.

160 1745 288 1790 Amb.
321 1756 359 1792 1.

199 1870 202 1873 Δ
275 1820 310 1871 §.
344 1823 383 1860 5.
444 1822 549 1876 quod
569 1833 605 1861 et
622 1822 768 1877 adjuta.
825 1832 860 1861 ct
891 1824 1020 1862 omitt.
1052 1821 1190 1863 Turio.
1225 1820 1365 1876 Camp.
1481 1825 1611 1877 quiin

162 1882 242 1925 cliv.
298 1886 415 1929 Hanc
442 1892 658 1930 lectionem
685 1898 850 1930 tuentur
878 1888 1005 1930 Amb.
1039 1895 1076 1931 1.
1107 1896 1174 1942 2.;
1217 1906 1311 1930 cum
1329 1889 1468 1932 Burm.
1485 1923 1496 1942 ‚
1538 1894 1610 1947 qui

160 1956 350 2003 praetulit
367 1958 413 2005 si,
443 1967 600 2011 praeter
617 1973 709 1999 mss.
729 1957 849 1999 Bodl.
862 1956 952 1998 Bal.
965 1957 1082 1998 Alm.
1104 1958 1293 1999 videmur
1312 1960 1443 1998 facere
1456 1958 1608 2010 Tusic„

159 2017 292 2072 Flor.,
323 2032 362 2063 et
381 2026 532 2066 faciunt
554 2026 696 2066 diserte
726 2025 849 2066 Paris.
879 2030 918 2065 1.
950 2024 1091 2079 Camp.
1207 2042 1277 2067 nec
1304 2028 1346 2065 in
1372 2028 1435 2067 iis.
1495 2044 1610 2082 neque

159 2086 201 2124 in
219 2087 280 2127 his
300 2088 425 2132 Amb.
447 2097 484 2133 1.
508 2093 645 2133 Turio.
668 2092 776 2133 Flor.
800 2090 935 2133 Guelf.
961 2091 1102 2146 Camp.
1217 2095 1344 2133 minus
1363 2108 1442 2134 om.
1465 2092 1605 2148 Camp.

242 2158 284 2194 in
309 2173 419 2211 quac.
477 2163 524 2200 in'
543 2179 619 2216 qua
646 2159 768 2203 Goth.
787 2158 914 2200 Amb.
937 2165 978 2201 2.

271 2225 308 2275 §.
341 2229 380 2266 6.
440 2227 641 2282 dispicere.
682 2228 876 2283 despicere
894 2226 1019 2278 Jens„
1049 2225 1210 2281 aReglo
1230 2229 1275 2267 in
1292 2230 1396 2268 notis
1419 2230 1604 2282 emend.;

158 2291 303 2331 retinet
319 2300 454 2334 tamen
477 2298 579 2336 illud
606 2296 710 2352 desp.
734 2299 842 2339 Ven.

269 2361 305 2411 ξ.
337 2366 376 2402 7.
435 2363 536 2403 stud.
563 2364 660 2422 fac.
708 2362 805 2421 fac.
837 2362 939 2404 stud.
973 2360 1096 2404 Goth.
1212 2361 1411 2403 delectum.
1474 2363 1603 2404 dilect.

155 2419 292 2468 Tu'ric.
321 2432 428 2471 Flor.
453 2429 588 2473 Guelf.
614 2431 739 2472 Amb.
762 2437 803 2472 2.
916 2441 958 2469 ut
977 2447 1092 2471 norm.
1153 2428 1213 2469 At
1232 2447 1270 2470 n.
1306 2429 1445 2485 Camp.
1467 2430 1602 2473 Andr.

242 2510 296 2533 ex
312 2498 374 2537 iis,
423 2513 478 2538 ex
497 2499 556 2538 his
579 2498 810 2540 Amb.1.2.
831 2497 968 2539 Turio.
991 2496 1124 2539 Guelf.
1241 2497 1408 2539 dicendi.
1455 2499 1604 2539 discen-

157 2556 200 2597 di
227 2558 353 2603 Amb.
381 2569 419 2604 1.

270 2629 307 2677 ἕ·
340 2635 380 2670 8·
442 2631 537 2686 [De
563 2636 692 2675 sacris
722 2635 994 2676 certaminibus
1021 2634 1122 2674 adde
1154 2636 1317 2687 praefat.
1344 2632 1440 2673 Vol.
1461 2630 1482 2672 I
1511 2647 1599 2686 pag.

156 2690 411 2750 LXXXII]
