<?xml version="1.0" encoding="UTF-8"?>
<!DOCTYPE html PUBLIC "-//W3C//DTD XHTML 1.0 Transitional//EN"
    "http://www.w3.org/TR/xhtml1/DTD/xhtml1-transitional.dtd">
<html xmlns="http://www.w3.org/1999/xhtml" xml:lang="en" lang="en">
 <head>
  <title>
</title>
<meta http-equiv="Content-Type" content="text/html;charset=utf-8" />
  <meta name='ocr-system' content='tesseract 3.04.00' />
  <meta name='ocr-capabilities' content='ocr_page ocr_carea ocr_par ocr_line ocrx_word'/>
</head>
<body>
  <div class='ocr_page' id='page_1' title='image "./lexiconquintilia05bonnuoft_0317.png"; bbox 0 0 1775 3091; ppageno 0'>
   <div class='ocr_carea' id='block_1_1' title="bbox 412 232 1587 301">
    <p class='ocr_par' dir='ltr' id='par_1_1' title="bbox 412 232 1587 301">
     <span class='ocr_line' id='line_1_1' title="bbox 412 232 1587 301; baseline -0.005 -23"><span class='ocrx_word' id='word_1_1' title='bbox 412 237 466 278; x_wconf 77' lang='lat' dir='ltr'><strong>ad</strong></span> <span class='ocrx_word' id='word_1_2' title='bbox 496 236 657 301; x_wconf 46' lang='lat' dir='ltr'><strong>Quintil.</strong></span> <span class='ocrx_word' id='word_1_3' title='bbox 689 236 818 277; x_wconf 78' lang='lat' dir='ltr'><em>Instit.</em></span> <span class='ocrx_word' id='word_1_4' title='bbox 862 232 918 287; x_wconf 81' lang='lat' dir='ltr'><strong>V,</strong></span> <span class='ocrx_word' id='word_1_5' title='bbox 950 239 1015 276; x_wconf 85' lang='lat'><strong>10.</strong></span> <span class='ocrx_word' id='word_1_6' title='bbox 1045 234 1335 288; x_wconf 79' lang='lat'><strong>§.91--101-</strong></span> <span class='ocrx_word' id='word_1_7' title='bbox 1506 235 1587 274; x_wconf 78' lang='grc'><strong>269</strong></span> 
     </span>
    </p>
   </div>
   <div class='ocr_carea' id='block_1_2' title="bbox 156 341 1592 944">
    <p class='ocr_par' dir='ltr' id='par_1_2' title="bbox 158 341 1588 404">
     <span class='ocr_line' id='line_1_2' title="bbox 158 341 1588 404; baseline -0.003 -11"><span class='ocrx_word' id='word_1_8' title='bbox 158 348 279 393; x_wconf 85' lang='lat' dir='ltr'><strong>Amb.</strong></span> <span class='ocrx_word' id='word_1_9' title='bbox 305 356 342 391; x_wconf 89' lang='lat'><strong>1.</strong></span> <span class='ocrx_word' id='word_1_10' title='bbox 369 352 486 393; x_wconf 82' lang='lat' dir='ltr'><strong>inser.</strong></span> <span class='ocrx_word' id='word_1_11' title='bbox 508 362 557 393; x_wconf 81' lang='lat' dir='ltr'><strong>et.</strong></span> <span class='ocrx_word' id='word_1_12' title='bbox 601 349 736 394; x_wconf 86' lang='lat' dir='ltr'><strong>Guelf.</strong></span> <span class='ocrx_word' id='word_1_13' title='bbox 755 349 836 404; x_wconf 75' lang='lat' dir='ltr'><strong><em>adj.</em></strong></span> <span class='ocrx_word' id='word_1_14' title='bbox 858 348 957 389; x_wconf 76' lang='lat' dir='ltr'><em>dein.</em></span> <span class='ocrx_word' id='word_1_15' title='bbox 1043 346 1085 388; x_wconf 77' lang='grc' dir='ltr'><strong>ίιῖ</strong></span> <span class='ocrx_word' id='word_1_16' title='bbox 1117 345 1174 389; x_wconf 73' lang='lat' dir='ltr'><strong>de.</strong></span> <span class='ocrx_word' id='word_1_17' title='bbox 1223 344 1387 387; x_wconf 71' lang='lat' dir='ltr'><strong>Omitfit</strong></span> <span class='ocrx_word' id='word_1_18' title='bbox 1399 341 1522 385; x_wconf 80' lang='lat' dir='ltr'><strong>Amb.</strong></span> <span class='ocrx_word' id='word_1_19' title='bbox 1548 350 1588 386; x_wconf 82' lang='grc'><strong>1.</strong></span> 
     </span>
    </p>

    <p class='ocr_par' dir='ltr' id='par_1_3' title="bbox 228 412 1588 475">
     <span class='ocr_line' id='line_1_3' title="bbox 228 412 1588 475; baseline -0.004 -18"><span class='ocrx_word' id='word_1_20' title='bbox 228 418 386 475; x_wconf 67' lang='lat' dir='ltr'><em>ficere.</em></span> <span class='ocrx_word' id='word_1_21' title='bbox 433 417 561 461; x_wconf 85' lang='lat' dir='ltr'><strong>Amb.</strong></span> <span class='ocrx_word' id='word_1_22' title='bbox 593 424 631 460; x_wconf 90' lang='lat'><strong>1.</strong></span> <span class='ocrx_word' id='word_1_23' title='bbox 649 417 795 475; x_wconf 76' lang='lat' dir='ltr'><em>fitcilc.</em></span> <span class='ocrx_word' id='word_1_24' title='bbox 888 416 939 455; x_wconf 50' lang='lat' dir='ltr'><strong>Ill</strong></span> <span class='ocrx_word' id='word_1_25' title='bbox 967 432 1054 471; x_wconf 81' lang='lat' dir='ltr'><strong><em>quo.</em></strong></span> <span class='ocrx_word' id='word_1_26' title='bbox 1108 413 1235 456; x_wconf 83' lang='lat' dir='ltr'><strong>Amb.</strong></span> <span class='ocrx_word' id='word_1_27' title='bbox 1259 419 1296 455; x_wconf 85' lang='lat'><strong>1.</strong></span> <span class='ocrx_word' id='word_1_28' title='bbox 1326 412 1434 454; x_wconf 88' lang='lat' dir='ltr'><strong>Flor.</strong></span> <span class='ocrx_word' id='word_1_29' title='bbox 1466 415 1588 452; x_wconf 81' lang='lat' dir='ltr'>etiam</span> 
     </span>
    </p>

    <p class='ocr_par' dir='ltr' id='par_1_4' title="bbox 158 480 1591 540">
     <span class='ocr_line' id='line_1_4' title="bbox 158 480 1591 540; baseline -0.004 -15"><span class='ocrx_word' id='word_1_30' title='bbox 158 485 194 526; x_wconf 89' lang='grc' dir='ltr'><strong>Ῑ.</strong></span> <span class='ocrx_word' id='word_1_31' title='bbox 220 485 335 540; x_wconf 73' lang='lat' dir='ltr'><em>qnod.</em></span> <span class='ocrx_word' id='word_1_32' title='bbox 445 489 600 539; x_wconf 78' lang='lat' dir='ltr'><strong><em>egressi.</em></strong></span> <span class='ocrx_word' id='word_1_33' title='bbox 650 485 787 538; x_wconf 77' lang='lat' dir='ltr'>Camp.</span> <span class='ocrx_word' id='word_1_34' title='bbox 813 487 989 538; x_wconf 76' lang='lat' dir='ltr'><strong><em>ingressi.</em></strong></span> <span class='ocrx_word' id='word_1_35' title='bbox 1041 481 1161 524; x_wconf 88' lang='lat' dir='ltr'><strong>Goth.</strong></span> <span class='ocrx_word' id='word_1_36' title='bbox 1181 483 1371 536; x_wconf 71' lang='lat' dir='ltr'><em>aggressi.</em></span> <span class='ocrx_word' id='word_1_37' title='bbox 1454 480 1591 537; x_wconf 81' lang='lat' dir='ltr'><em>fami-</em></span> 
     </span>
    </p>

    <p class='ocr_par' dir='ltr' id='par_1_5' title="bbox 159 546 1591 675">
     <span class='ocr_line' id='line_1_5' title="bbox 160 546 1591 610; baseline -0.003 -17"><span class='ocrx_word' id='word_1_38' title='bbox 160 553 334 593; x_wconf 67' lang='lat' dir='ltr'><strong>Haribus.</strong></span> <span class='ocrx_word' id='word_1_39' title='bbox 397 552 534 607; x_wconf 82' lang='lat' dir='ltr'>Camp.</span> <span class='ocrx_word' id='word_1_40' title='bbox 557 553 847 610; x_wconf 71' lang='lat' dir='ltr'><em>finnilioribns.</em></span> <span class='ocrx_word' id='word_1_41' title='bbox 955 554 1084 603; x_wconf 77' lang='lat' dir='ltr'><em>magis</em></span> <span class='ocrx_word' id='word_1_42' title='bbox 1111 574 1169 582; x_wconf 86' lang='lat'><strong>--</strong></span> <span class='ocrx_word' id='word_1_43' title='bbox 1193 548 1337 590; x_wconf 76' lang='lat' dir='ltr'><em>ostend.</em></span> <span class='ocrx_word' id='word_1_44' title='bbox 1391 546 1516 589; x_wconf 74' lang='lat' dir='ltr'><strong>Aan.</strong></span> <span class='ocrx_word' id='word_1_45' title='bbox 1553 553 1591 589; x_wconf 89' lang='grc'><strong>1.</strong></span> 
     </span>
     <span class='ocr_line' id='line_1_6' title="bbox 159 618 1506 675; baseline -0.002 -15"><span class='ocrx_word' id='word_1_46' title='bbox 159 619 266 660; x_wconf 87' lang='lat' dir='ltr'><strong>Flor.</strong></span> <span class='ocrx_word' id='word_1_47' title='bbox 288 636 447 675; x_wconf 85' lang='lat' dir='ltr'><strong>quoque</strong></span> <span class='ocrx_word' id='word_1_48' title='bbox 467 638 514 659; x_wconf 83' lang='lat' dir='ltr'><strong>m.</strong></span> <span class='ocrx_word' id='word_1_49' title='bbox 535 631 569 659; x_wconf 82' lang='lat' dir='ltr'><strong>ct</strong></span> <span class='ocrx_word' id='word_1_50' title='bbox 588 637 625 660; x_wconf 86' lang='lat' dir='ltr'><strong>a.</strong></span> <span class='ocrx_word' id='word_1_51' title='bbox 648 637 685 661; x_wconf 93' lang='grc' dir='ltr'><strong>ο.</strong></span> <span class='ocrx_word' id='word_1_52' title='bbox 741 618 830 660; x_wconf 81' lang='lat' dir='ltr'><strong>Par.</strong></span> <span class='ocrx_word' id='word_1_53' title='bbox 856 624 891 659; x_wconf 92' lang='lat'><strong>1.</strong></span> <span class='ocrx_word' id='word_1_54' title='bbox 911 624 950 660; x_wconf 88' lang='lat'><strong>2.</strong></span> <span class='ocrx_word' id='word_1_55' title='bbox 975 624 1012 658; x_wconf 85' lang='lat'><strong>3.</strong></span> <span class='ocrx_word' id='word_1_56' title='bbox 1029 622 1226 672; x_wconf 73' lang='lat' dir='ltr'><strong>magisque</strong></span> <span class='ocrx_word' id='word_1_57' title='bbox 1242 619 1394 656; x_wconf 68' lang='lat' dir='ltr'><strong>usitatis</strong></span> <span class='ocrx_word' id='word_1_58' title='bbox 1415 633 1446 656; x_wconf 84' lang='grc' dir='ltr'><strong>ε.</strong></span> <span class='ocrx_word' id='word_1_59' title='bbox 1468 633 1506 657; x_wconf 92' lang='grc' dir='ltr'><strong>ο.</strong></span> 
     </span>
    </p>

    <p class='ocr_par' dir='ltr' id='par_1_6' title="bbox 270 683 1589 741">
     <span class='ocr_line' id='line_1_7' title="bbox 270 683 1589 741; baseline -0.001 -14"><span class='ocrx_word' id='word_1_60' title='bbox 270 691 305 741; x_wconf 88' lang='lat'><strong>§.</strong></span> <span class='ocrx_word' id='word_1_61' title='bbox 332 693 398 729; x_wconf 88' lang='grc'><strong>97.</strong></span> <span class='ocrx_word' id='word_1_62' title='bbox 456 688 575 728; x_wconf 76' lang='lat' dir='ltr'><strong><em>Leoe:</em></strong></span> <span class='ocrx_word' id='word_1_63' title='bbox 607 688 695 739; x_wconf 80' lang='lat' dir='ltr'><strong>Qui.</strong></span> <span class='ocrx_word' id='word_1_64' title='bbox 756 687 823 727; x_wconf 83' lang='lat' dir='ltr'><strong>Sic</strong></span> <span class='ocrx_word' id='word_1_65' title='bbox 854 690 973 726; x_wconf 75' lang='lat' dir='ltr'><strong>etiam</strong></span> <span class='ocrx_word' id='word_1_66' title='bbox 1000 685 1121 726; x_wconf 89' lang='lat' dir='ltr'>Amb.</span> <span class='ocrx_word' id='word_1_67' title='bbox 1155 692 1191 725; x_wconf 88' lang='lat'><strong>1.</strong></span> <span class='ocrx_word' id='word_1_68' title='bbox 1213 691 1251 726; x_wconf 85' lang='lat'><strong>2.</strong></span> <span class='ocrx_word' id='word_1_69' title='bbox 1289 683 1393 726; x_wconf 84' lang='lat' dir='ltr'>Flor.</span> <span class='ocrx_word' id='word_1_70' title='bbox 1429 683 1520 725; x_wconf 80' lang='lat' dir='ltr'><strong>Par.</strong></span> <span class='ocrx_word' id='word_1_71' title='bbox 1551 689 1589 726; x_wconf 89' lang='lat'><strong>1.</strong></span> 
     </span>
    </p>

    <p class='ocr_par' dir='ltr' id='par_1_7' title="bbox 158 752 1590 810">
     <span class='ocr_line' id='line_1_8' title="bbox 158 752 1590 810; baseline -0.004 -13"><span class='ocrx_word' id='word_1_72' title='bbox 158 759 200 797; x_wconf 85' lang='lat'><strong>2.</strong></span> <span class='ocrx_word' id='word_1_73' title='bbox 223 758 262 795; x_wconf 90' lang='lat'><strong>5.</strong></span> <span class='ocrx_word' id='word_1_74' title='bbox 347 754 501 810; x_wconf 80' lang='lat' dir='ltr'><strong>aliquis.</strong></span> <span class='ocrx_word' id='word_1_75' title='bbox 550 754 618 796; x_wconf 81' lang='lat' dir='ltr'><strong>Sic</strong></span> <span class='ocrx_word' id='word_1_76' title='bbox 647 759 767 796; x_wconf 80' lang='lat' dir='ltr'><strong>etlam</strong></span> <span class='ocrx_word' id='word_1_77' title='bbox 791 754 896 795; x_wconf 85' lang='lat' dir='ltr'>Flor.</span> <span class='ocrx_word' id='word_1_78' title='bbox 959 756 1067 809; x_wconf 80' lang='lat' dir='ltr'><em>aquis</em></span> <span class='ocrx_word' id='word_1_79' title='bbox 1095 752 1219 794; x_wconf 84' lang='lat' dir='ltr'><strong>Amb.</strong></span> <span class='ocrx_word' id='word_1_80' title='bbox 1251 758 1312 804; x_wconf 91' lang='lat'><strong>1.,</strong></span> <span class='ocrx_word' id='word_1_81' title='bbox 1346 753 1416 792; x_wconf 80' lang='lat' dir='ltr'><strong>sed</strong></span> <span class='ocrx_word' id='word_1_82' title='bbox 1435 768 1512 793; x_wconf 87' lang='lat' dir='ltr'><strong>sec.</strong></span> <span class='ocrx_word' id='word_1_83' title='bbox 1533 767 1590 792; x_wconf 89' lang='lat' dir='ltr'><strong>m.</strong></span> 
     </span>
    </p>

    <p class='ocr_par' dir='ltr' id='par_1_8' title="bbox 158 819 1592 876">
     <span class='ocr_line' id='line_1_9' title="bbox 158 819 1592 876; baseline 0 -15"><span class='ocrx_word' id='word_1_84' title='bbox 158 825 427 876; x_wconf 81' lang='lat' dir='ltr'><strong>superscripsit</strong></span> <span class='ocrx_word' id='word_1_85' title='bbox 455 823 498 863; x_wconf 73' lang='lat' dir='ltr'><strong>li.</strong></span> <span class='ocrx_word' id='word_1_86' title='bbox 590 826 625 862; x_wconf 83' lang='lat' dir='ltr'><strong>si</strong></span> <span class='ocrx_word' id='word_1_87' title='bbox 643 822 765 875; x_wconf 81' lang='lat' dir='ltr'><em>miles,</em></span> <span class='ocrx_word' id='word_1_88' title='bbox 793 826 840 863; x_wconf 80' lang='lat' dir='ltr'><strong>si.</strong></span> <span class='ocrx_word' id='word_1_89' title='bbox 896 822 1032 862; x_wconf 78' lang='lat' dir='ltr'><strong>Etiam</strong></span> <span class='ocrx_word' id='word_1_90' title='bbox 1051 821 1082 862; x_wconf 92' lang='lat' dir='ltr'>F</span> <span class='ocrx_word' id='word_1_91' title='bbox 1085 824 1157 862; x_wconf 86' lang='lat' dir='ltr'><strong>lor.</strong></span> <span class='ocrx_word' id='word_1_92' title='bbox 1179 820 1306 862; x_wconf 84' lang='lat' dir='ltr'><strong>Amb.</strong></span> <span class='ocrx_word' id='word_1_93' title='bbox 1329 826 1368 862; x_wconf 87' lang='lat'><strong>2.</strong></span> <span class='ocrx_word' id='word_1_94' title='bbox 1396 819 1524 859; x_wconf 74' lang='lat' dir='ltr'><em>simile</em></span> <span class='ocrx_word' id='word_1_95' title='bbox 1541 823 1592 861; x_wconf 82' lang='lat' dir='ltr'><strong>si.</strong></span> 
     </span>
    </p>

    <p class='ocr_par' dir='ltr' id='par_1_9' title="bbox 156 886 1592 944">
     <span class='ocr_line' id='line_1_10' title="bbox 156 886 1592 944; baseline -0.001 -15"><span class='ocrx_word' id='word_1_96' title='bbox 156 888 283 930; x_wconf 88' lang='lat' dir='ltr'><strong>Amb.</strong></span> <span class='ocrx_word' id='word_1_97' title='bbox 309 895 348 930; x_wconf 90' lang='lat'><strong>1.</strong></span> <span class='ocrx_word' id='word_1_98' title='bbox 376 890 565 941; x_wconf 76' lang='lat' dir='ltr'><em>similius,</em></span> <span class='ocrx_word' id='word_1_99' title='bbox 606 906 683 932; x_wconf 85' lang='lat' dir='ltr'>sec.</span> <span class='ocrx_word' id='word_1_100' title='bbox 707 907 761 931; x_wconf 89' lang='lat' dir='ltr'><strong>m.</strong></span> <span class='ocrx_word' id='word_1_101' title='bbox 788 892 1039 944; x_wconf 83' lang='lat' dir='ltr'><strong>superscrips.</strong></span> <span class='ocrx_word' id='word_1_102' title='bbox 1065 906 1097 930; x_wconf 82' lang='lat' dir='ltr'><strong>e.</strong></span> <span class='ocrx_word' id='word_1_103' title='bbox 1203 888 1349 944; x_wconf 58' lang='lat' dir='ltr'><strong>itgfarw.</strong></span> <span class='ocrx_word' id='word_1_104' title='bbox 1395 886 1521 929; x_wconf 88' lang='lat' dir='ltr'><strong>Amb.</strong></span> <span class='ocrx_word' id='word_1_105' title='bbox 1551 893 1592 928; x_wconf 85' lang='grc'><strong>1.</strong></span> 
     </span>
    </p>
   </div>
   <div class='ocr_carea' id='block_1_3' title="bbox 159 954 1593 1080">
    <p class='ocr_par' dir='ltr' id='par_1_10' title="bbox 159 954 1593 1080">
     <span class='ocr_line' id='line_1_11' title="bbox 161 954 1592 1013; baseline -0.001 -16"><span class='ocrx_word' id='word_1_106' title='bbox 161 957 341 1012; x_wconf 66' lang='lat' dir='ltr'><em>itffaniis.</em></span> <span class='ocrx_word' id='word_1_107' title='bbox 446 961 648 1012; x_wconf 73' lang='lat' dir='ltr'><em>optionem.</em></span> <span class='ocrx_word' id='word_1_108' title='bbox 699 959 820 1000; x_wconf 84' lang='lat' dir='ltr'>Amb.</span> <span class='ocrx_word' id='word_1_109' title='bbox 838 963 871 997; x_wconf 85' lang='lat'><strong>1.</strong></span> <span class='ocrx_word' id='word_1_110' title='bbox 889 960 1099 1013; x_wconf 73' lang='lat' dir='ltr'><em>opiniones,</em></span> <span class='ocrx_word' id='word_1_111' title='bbox 1212 960 1248 995; x_wconf 82' lang='lat' dir='ltr'><strong>si</strong></span> <span class='ocrx_word' id='word_1_112' title='bbox 1274 966 1349 1011; x_wconf 71' lang='lat' dir='ltr'><strong>tyr.</strong></span> <span class='ocrx_word' id='word_1_113' title='bbox 1398 954 1521 997; x_wconf 85' lang='lat' dir='ltr'><strong>Amb.</strong></span> <span class='ocrx_word' id='word_1_114' title='bbox 1549 962 1592 997; x_wconf 86' lang='grc'><strong>1.</strong></span> 
     </span>
     <span class='ocr_line' id='line_1_12' title="bbox 159 1022 1593 1080; baseline 0.001 -16"><span class='ocrx_word' id='word_1_115' title='bbox 159 1022 294 1064; x_wconf 85' lang='lat' dir='ltr'>Turio.</span> <span class='ocrx_word' id='word_1_116' title='bbox 323 1040 344 1064; x_wconf 90' lang='lat' dir='ltr'>a</span> <span class='ocrx_word' id='word_1_117' title='bbox 365 1040 423 1078; x_wconf 86' lang='lat' dir='ltr'><strong>pr.</strong></span> <span class='ocrx_word' id='word_1_118' title='bbox 447 1040 502 1065; x_wconf 83' lang='lat' dir='ltr'><strong>m.</strong></span> <span class='ocrx_word' id='word_1_119' title='bbox 526 1025 633 1067; x_wconf 78' lang='lat' dir='ltr'><strong>Jens.</strong></span> <span class='ocrx_word' id='word_1_120' title='bbox 655 1024 776 1067; x_wconf 79' lang='lat' dir='ltr'><strong>Tarv.</strong></span> <span class='ocrx_word' id='word_1_121' title='bbox 797 1029 845 1065; x_wconf 81' lang='lat' dir='ltr'><strong>sit</strong></span> <span class='ocrx_word' id='word_1_122' title='bbox 868 1036 897 1066; x_wconf 81' lang='lat' dir='ltr'><strong>t.</strong></span> <span class='ocrx_word' id='word_1_123' title='bbox 1004 1035 1126 1080; x_wconf 65' lang='lat' dir='ltr'><em>peius.</em></span> <span class='ocrx_word' id='word_1_124' title='bbox 1178 1023 1245 1065; x_wconf 80' lang='lat' dir='ltr'><strong>Sic</strong></span> <span class='ocrx_word' id='word_1_125' title='bbox 1265 1026 1385 1063; x_wconf 81' lang='lat' dir='ltr'>etiam</span> <span class='ocrx_word' id='word_1_126' title='bbox 1411 1022 1532 1066; x_wconf 84' lang='lat' dir='ltr'><strong>Amb.</strong></span> <span class='ocrx_word' id='word_1_127' title='bbox 1554 1031 1593 1066; x_wconf 84' lang='lat'><strong>1.</strong></span> 
     </span>
    </p>
   </div>
   <div class='ocr_carea' id='block_1_4' title="bbox 156 1091 1599 2552">
    <p class='ocr_par' dir='ltr' id='par_1_11' title="bbox 159 1091 1594 1214">
     <span class='ocr_line' id='line_1_13' title="bbox 159 1091 1594 1152; baseline 0 -19"><span class='ocrx_word' id='word_1_128' title='bbox 159 1097 201 1133; x_wconf 88' lang='lat'><strong>2.</strong></span> <span class='ocrx_word' id='word_1_129' title='bbox 222 1091 328 1132; x_wconf 83' lang='lat' dir='ltr'><strong>Flor.</strong></span> <span class='ocrx_word' id='word_1_130' title='bbox 415 1093 654 1147; x_wconf 71' lang='lat' dir='ltr'><em>templorum.</em></span> <span class='ocrx_word' id='word_1_131' title='bbox 704 1092 825 1135; x_wconf 87' lang='lat' dir='ltr'><strong>Amb.</strong></span> <span class='ocrx_word' id='word_1_132' title='bbox 852 1098 888 1133; x_wconf 88' lang='lat'><strong>1.</strong></span> <span class='ocrx_word' id='word_1_133' title='bbox 920 1091 1055 1133; x_wconf 74' lang='lat' dir='ltr'><strong>Turio.</strong></span> <span class='ocrx_word' id='word_1_134' title='bbox 1098 1107 1121 1133; x_wconf 82' lang='lat' dir='ltr'>a</span> <span class='ocrx_word' id='word_1_135' title='bbox 1150 1108 1211 1152; x_wconf 62' lang='lat' dir='ltr'><strong>pr:</strong></span> <span class='ocrx_word' id='word_1_136' title='bbox 1236 1107 1292 1132; x_wconf 90' lang='lat' dir='ltr'><strong>m.</strong></span> <span class='ocrx_word' id='word_1_137' title='bbox 1322 1091 1429 1133; x_wconf 88' lang='lat' dir='ltr'>Flor.</span> <span class='ocrx_word' id='word_1_138' title='bbox 1461 1091 1594 1133; x_wconf 74' lang='lat' dir='ltr'>Guelf-</span> 
     </span>
     <span class='ocr_line' id='line_1_14' title="bbox 160 1159 914 1214; baseline 0.004 -17"><span class='ocrx_word' id='word_1_139' title='bbox 160 1169 383 1213; x_wconf 78' lang='lat' dir='ltr'><strong><em>1cmp0rum.</em></strong></span> <span class='ocrx_word' id='word_1_140' title='bbox 441 1159 559 1200; x_wconf 55' lang='lat' dir='ltr'>Vfoss.</span> <span class='ocrx_word' id='word_1_141' title='bbox 590 1166 628 1201; x_wconf 84' lang='lat'><strong>1.</strong></span> <span class='ocrx_word' id='word_1_142' title='bbox 660 1166 699 1202; x_wconf 84' lang='lat'><strong>3.</strong></span> <span class='ocrx_word' id='word_1_143' title='bbox 728 1172 914 1214; x_wconf 72' lang='lat' dir='ltr'><strong><em>tempora.</em></strong></span> 
     </span>
    </p>

    <p class='ocr_par' dir='ltr' id='par_1_12' title="bbox 156 1224 1597 1471">
     <span class='ocr_line' id='line_1_15' title="bbox 272 1224 1593 1282; baseline 0 -15"><span class='ocrx_word' id='word_1_144' title='bbox 272 1230 308 1279; x_wconf 84' lang='lat'><strong>§.</strong></span> <span class='ocrx_word' id='word_1_145' title='bbox 341 1232 406 1268; x_wconf 84' lang='grc'><strong>98.</strong></span> <span class='ocrx_word' id='word_1_146' title='bbox 464 1227 695 1270; x_wconf 78' lang='lat' dir='ltr'><em>Plurimum.</em></span> <span class='ocrx_word' id='word_1_147' title='bbox 743 1228 810 1269; x_wconf 87' lang='lat' dir='ltr'><strong>Sic</strong></span> <span class='ocrx_word' id='word_1_148' title='bbox 846 1230 965 1267; x_wconf 85' lang='lat' dir='ltr'>etiam</span> <span class='ocrx_word' id='word_1_149' title='bbox 991 1224 1114 1268; x_wconf 85' lang='lat' dir='ltr'><strong>Amb.</strong></span> <span class='ocrx_word' id='word_1_150' title='bbox 1151 1232 1190 1267; x_wconf 88' lang='grc'><strong>1.</strong></span> <span class='ocrx_word' id='word_1_151' title='bbox 1225 1225 1333 1268; x_wconf 90' lang='lat' dir='ltr'>Flor.</span> <span class='ocrx_word' id='word_1_152' title='bbox 1374 1242 1398 1267; x_wconf 81' lang='lat' dir='ltr'>a</span> <span class='ocrx_word' id='word_1_153' title='bbox 1434 1243 1494 1282; x_wconf 82' lang='lat' dir='ltr'><strong>pr.</strong></span> <span class='ocrx_word' id='word_1_154' title='bbox 1536 1244 1593 1270; x_wconf 86' lang='lat' dir='ltr'><strong>m.</strong></span> 
     </span>
     <span class='ocr_line' id='line_1_16' title="bbox 159 1292 1596 1349; baseline 0.001 -14"><span class='ocrx_word' id='word_1_155' title='bbox 159 1292 250 1335; x_wconf 82' lang='lat' dir='ltr'><strong>Par.</strong></span> <span class='ocrx_word' id='word_1_156' title='bbox 279 1299 318 1334; x_wconf 87' lang='lat'><strong>5.</strong></span> <span class='ocrx_word' id='word_1_157' title='bbox 456 1295 617 1335; x_wconf 86' lang='lat' dir='ltr'><em>UNDE</em></span> <span class='ocrx_word' id='word_1_158' title='bbox 646 1297 740 1337; x_wconf 89' lang='lat' dir='ltr'><strong>TU.</strong></span> <span class='ocrx_word' id='word_1_159' title='bbox 789 1296 895 1336; x_wconf 87' lang='lat' dir='ltr'>Flor.</span> <span class='ocrx_word' id='word_1_160' title='bbox 927 1311 950 1335; x_wconf 89' lang='lat' dir='ltr'>a</span> <span class='ocrx_word' id='word_1_161' title='bbox 984 1311 1044 1349; x_wconf 87' lang='lat' dir='ltr'><strong>pr.</strong></span> <span class='ocrx_word' id='word_1_162' title='bbox 1072 1310 1127 1334; x_wconf 83' lang='lat' dir='ltr'><strong>m.</strong></span> <span class='ocrx_word' id='word_1_163' title='bbox 1164 1294 1256 1333; x_wconf 76' lang='lat' dir='ltr'><strong>vide</strong></span> <span class='ocrx_word' id='word_1_164' title='bbox 1287 1305 1339 1335; x_wconf 78' lang='lat' dir='ltr'><strong>tu.</strong></span> <span class='ocrx_word' id='word_1_165' title='bbox 1451 1296 1596 1337; x_wconf 88' lang='lat' dir='ltr'><em>AUT.</em></span> 
     </span>
     <span class='ocr_line' id='line_1_17' title="bbox 157 1360 1597 1419; baseline 0.003 -18"><span class='ocrx_word' id='word_1_166' title='bbox 157 1360 284 1401; x_wconf 90' lang='lat' dir='ltr'>Amb.</span> <span class='ocrx_word' id='word_1_167' title='bbox 307 1366 343 1402; x_wconf 89' lang='lat'><strong>1.</strong></span> <span class='ocrx_word' id='word_1_168' title='bbox 371 1373 510 1404; x_wconf 79' lang='lat' dir='ltr'><strong><em>autem.</em></strong></span> <span class='ocrx_word' id='word_1_169' title='bbox 611 1364 683 1406; x_wconf 83' lang='lat' dir='ltr'><em>sol.</em></span> <span class='ocrx_word' id='word_1_170' title='bbox 705 1365 820 1419; x_wconf 77' lang='lat' dir='ltr'><em>clcjcc.</em></span> <span class='ocrx_word' id='word_1_171' title='bbox 868 1363 916 1404; x_wconf 74' lang='lat' dir='ltr'><strong>Si</strong></span> <span class='ocrx_word' id='word_1_172' title='bbox 935 1379 1041 1403; x_wconf 79' lang='lat' dir='ltr'><strong><em>vero.</em></strong></span> <span class='ocrx_word' id='word_1_173' title='bbox 1100 1362 1168 1403; x_wconf 82' lang='lat' dir='ltr'><strong>Sic</strong></span> <span class='ocrx_word' id='word_1_174' title='bbox 1199 1365 1320 1411; x_wconf 69' lang='lat' dir='ltr'><strong>etiam</strong></span> <span class='ocrx_word' id='word_1_175' title='bbox 1345 1360 1471 1404; x_wconf 83' lang='lat' dir='ltr'><strong>Amb.</strong></span> <span class='ocrx_word' id='word_1_176' title='bbox 1495 1369 1531 1403; x_wconf 89' lang='lat'><strong>1.</strong></span> <span class='ocrx_word' id='word_1_177' title='bbox 1553 1369 1597 1405; x_wconf 89' lang='lat'><strong>2.</strong></span> 
     </span>
     <span class='ocr_line' id='line_1_18' title="bbox 156 1429 266 1471; baseline -0.009 0"><span class='ocrx_word' id='word_1_178' title='bbox 156 1429 266 1471; x_wconf 85' lang='lat' dir='ltr'>Flor.</span> 
     </span>
    </p>

    <p class='ocr_par' dir='ltr' id='par_1_13' title="bbox 157 1494 1599 1821">
     <span class='ocr_line' id='line_1_19' title="bbox 270 1494 1599 1550; baseline 0 -13"><span class='ocrx_word' id='word_1_179' title='bbox 270 1497 306 1549; x_wconf 84' lang='lat'><strong>§.</strong></span> <span class='ocrx_word' id='word_1_180' title='bbox 337 1501 402 1539; x_wconf 82' lang='lat'><strong>99.</strong></span> <span class='ocrx_word' id='word_1_181' title='bbox 461 1496 510 1536; x_wconf 77' lang='lat' dir='ltr'><strong>Si</strong></span> <span class='ocrx_word' id='word_1_182' title='bbox 539 1496 657 1538; x_wconf 78' lang='lat' dir='ltr'><em>Catil.</em></span> <span class='ocrx_word' id='word_1_183' title='bbox 712 1496 837 1538; x_wconf 86' lang='lat' dir='ltr'><strong>Amb.</strong></span> <span class='ocrx_word' id='word_1_184' title='bbox 875 1503 912 1539; x_wconf 92' lang='lat'><strong>1.</strong></span> <span class='ocrx_word' id='word_1_185' title='bbox 953 1499 1073 1538; x_wconf 88' lang='lat' dir='ltr'><strong>inser.</strong></span> <span class='ocrx_word' id='word_1_186' title='bbox 1111 1496 1139 1537; x_wconf 84' lang='lat' dir='ltr'><strong>l.</strong></span> <span class='ocrx_word' id='word_1_187' title='bbox 1201 1494 1340 1550; x_wconf 85' lang='lat' dir='ltr'><strong>Camp.</strong></span> <span class='ocrx_word' id='word_1_188' title='bbox 1383 1498 1420 1536; x_wconf 84' lang='lat' dir='ltr'><strong>si</strong></span> <span class='ocrx_word' id='word_1_189' title='bbox 1455 1494 1599 1537; x_wconf 71' lang='lat' dir='ltr'><em>Catili-</em></span> 
     </span>
     <span class='ocr_line' id='line_1_20' title="bbox 157 1564 1599 1619; baseline -0.001 -15"><span class='ocrx_word' id='word_1_190' title='bbox 157 1580 262 1604; x_wconf 80' lang='lat' dir='ltr'><strong><em>nam.</em></strong></span> <span class='ocrx_word' id='word_1_191' title='bbox 367 1564 549 1606; x_wconf 82' lang='lat' dir='ltr'><em>concilio.</em></span> <span class='ocrx_word' id='word_1_192' title='bbox 600 1565 722 1607; x_wconf 86' lang='lat' dir='ltr'><strong>Amb.</strong></span> <span class='ocrx_word' id='word_1_193' title='bbox 752 1571 790 1607; x_wconf 86' lang='lat'><strong>1.</strong></span> <span class='ocrx_word' id='word_1_194' title='bbox 826 1566 1007 1607; x_wconf 72' lang='lat' dir='ltr'><em>consilio.</em></span> <span class='ocrx_word' id='word_1_195' title='bbox 1067 1564 1162 1619; x_wconf 83' lang='lat' dir='ltr'><strong>[Sic</strong></span> <span class='ocrx_word' id='word_1_196' title='bbox 1189 1567 1354 1605; x_wconf 80' lang='lat' dir='ltr'>omuino</span> <span class='ocrx_word' id='word_1_197' title='bbox 1381 1567 1599 1604; x_wconf 81' lang='lat' dir='ltr'><strong>restituen-</strong></span> 
     </span>
     <span class='ocr_line' id='line_1_21' title="bbox 158 1632 1598 1687; baseline -0.001 -14"><span class='ocrx_word' id='word_1_198' title='bbox 158 1634 256 1673; x_wconf 87' lang='lat' dir='ltr'><strong>dum</strong></span> <span class='ocrx_word' id='word_1_199' title='bbox 286 1642 344 1673; x_wconf 84' lang='lat' dir='ltr'><strong>est</strong></span> <span class='ocrx_word' id='word_1_200' title='bbox 373 1635 479 1687; x_wconf 82' lang='lat' dir='ltr'>apud</span> <span class='ocrx_word' id='word_1_201' title='bbox 509 1633 812 1687; x_wconf 85' lang='lat' dir='ltr'>Spaldingium,</span> <span class='ocrx_word' id='word_1_202' title='bbox 858 1649 955 1674; x_wconf 83' lang='lat' dir='ltr'><strong>nam</strong></span> <span class='ocrx_word' id='word_1_203' title='bbox 986 1632 1193 1674; x_wconf 77' lang='lat' dir='ltr'><em>concilium</em></span> <span class='ocrx_word' id='word_1_204' title='bbox 1217 1647 1300 1672; x_wconf 85' lang='lat' dir='ltr'><strong>non</strong></span> <span class='ocrx_word' id='word_1_205' title='bbox 1331 1634 1487 1686; x_wconf 75' lang='lat' dir='ltr'>irrepsit</span> <span class='ocrx_word' id='word_1_206' title='bbox 1518 1635 1598 1672; x_wconf 84' lang='lat' dir='ltr'><strong>nisi</strong></span> 
     </span>
     <span class='ocr_line' id='line_1_22' title="bbox 157 1699 1599 1755; baseline -0.001 -14"><span class='ocrx_word' id='word_1_207' title='bbox 157 1701 498 1755; x_wconf 76' lang='lat' dir='ltr'>typographorum</span> <span class='ocrx_word' id='word_1_208' title='bbox 519 1701 706 1752; x_wconf 82' lang='lat' dir='ltr'>incuria.]</span> <span class='ocrx_word' id='word_1_209' title='bbox 793 1701 947 1742; x_wconf 71' lang='lat' dir='ltr'><em>eduxit.</em></span> <span class='ocrx_word' id='word_1_210' title='bbox 990 1699 1289 1753; x_wconf 39' lang='lat' dir='ltr'><em>Camp..cluxit.</em></span> <span class='ocrx_word' id='word_1_211' title='bbox 1365 1699 1599 1739; x_wconf 75' lang='lat' dir='ltr'><strong><em>condemna-</em></strong></span> 
     </span>
     <span class='ocr_line' id='line_1_23' title="bbox 160 1765 1598 1821; baseline -0.001 -14"><span class='ocrx_word' id='word_1_212' title='bbox 160 1780 229 1808; x_wconf 79' lang='lat' dir='ltr'><strong>ret.</strong></span> <span class='ocrx_word' id='word_1_213' title='bbox 279 1767 408 1808; x_wconf 81' lang='lat' dir='ltr'><strong>Amb.</strong></span> <span class='ocrx_word' id='word_1_214' title='bbox 437 1773 474 1808; x_wconf 87' lang='lat'><strong>1.</strong></span> <span class='ocrx_word' id='word_1_215' title='bbox 510 1767 646 1808; x_wconf 77' lang='lat' dir='ltr'><strong>Turio.</strong></span> <span class='ocrx_word' id='word_1_216' title='bbox 679 1766 786 1807; x_wconf 77' lang='lat' dir='ltr'><strong>Flor.</strong></span> <span class='ocrx_word' id='word_1_217' title='bbox 817 1783 839 1807; x_wconf 81' lang='lat' dir='ltr'>a</span> <span class='ocrx_word' id='word_1_218' title='bbox 866 1784 926 1821; x_wconf 82' lang='lat' dir='ltr'><strong>pr.</strong></span> <span class='ocrx_word' id='word_1_219' title='bbox 956 1783 1015 1808; x_wconf 86' lang='lat' dir='ltr'><strong>m.</strong></span> <span class='ocrx_word' id='word_1_220' title='bbox 1044 1766 1159 1807; x_wconf 85' lang='lat' dir='ltr'>Alm.</span> <span class='ocrx_word' id='word_1_221' title='bbox 1187 1765 1384 1805; x_wconf 77' lang='lat' dir='ltr'><em>commode</em></span> <span class='ocrx_word' id='word_1_222' title='bbox 1412 1778 1598 1809; x_wconf 74' lang='lat' dir='ltr'><strong><em>maneret.</em></strong></span> 
     </span>
    </p>

    <p class='ocr_par' dir='ltr' id='par_1_14' title="bbox 159 1830 1598 2146">
     <span class='ocr_line' id='line_1_24' title="bbox 243 1830 1595 1890; baseline 0.001 -16"><span class='ocrx_word' id='word_1_223' title='bbox 243 1835 296 1874; x_wconf 83' lang='lat' dir='ltr'><strong>Et</strong></span> <span class='ocrx_word' id='word_1_224' title='bbox 324 1835 377 1873; x_wconf 75' lang='lat' dir='ltr'><strong>acl</strong></span> <span class='ocrx_word' id='word_1_225' title='bbox 397 1834 750 1890; x_wconf 76' lang='lat' dir='ltr'><em>amplificationem.</em></span> <span class='ocrx_word' id='word_1_226' title='bbox 797 1834 933 1875; x_wconf 82' lang='lat' dir='ltr'><strong>Turio.</strong></span> <span class='ocrx_word' id='word_1_227' title='bbox 956 1833 1067 1875; x_wconf 83' lang='lat' dir='ltr'><strong>Alm.</strong></span> <span class='ocrx_word' id='word_1_228' title='bbox 1091 1830 1234 1886; x_wconf 79' lang='lat' dir='ltr'><strong>Camp.</strong></span> <span class='ocrx_word' id='word_1_229' title='bbox 1257 1831 1391 1873; x_wconf 85' lang='lat' dir='ltr'><strong>Guelf.</strong></span> <span class='ocrx_word' id='word_1_230' title='bbox 1415 1834 1531 1875; x_wconf 88' lang='lat' dir='ltr'><strong>Voss.</strong></span> <span class='ocrx_word' id='word_1_231' title='bbox 1557 1840 1595 1876; x_wconf 85' lang='lat'><strong>1.</strong></span> 
     </span>
     <span class='ocr_line' id='line_1_25' title="bbox 161 1900 1596 1958; baseline 0 -15"><span class='ocrx_word' id='word_1_232' title='bbox 161 1908 202 1943; x_wconf 85' lang='lat'><strong>3.</strong></span> <span class='ocrx_word' id='word_1_233' title='bbox 223 1907 349 1943; x_wconf 71' lang='lat' dir='ltr'><strong>omitt.</strong></span> <span class='ocrx_word' id='word_1_234' title='bbox 373 1902 437 1943; x_wconf 70' lang='lat' dir='ltr'><strong>acl.</strong></span> <span class='ocrx_word' id='word_1_235' title='bbox 487 1901 613 1942; x_wconf 83' lang='lat' dir='ltr'><strong>Aan.</strong></span> <span class='ocrx_word' id='word_1_236' title='bbox 637 1907 674 1943; x_wconf 91' lang='grc'><strong>1.</strong></span> <span class='ocrx_word' id='word_1_237' title='bbox 698 1912 732 1941; x_wconf 80' lang='lat' dir='ltr'><strong>et</strong></span> <span class='ocrx_word' id='word_1_238' title='bbox 751 1902 1067 1958; x_wconf 69' lang='lat' dir='ltr'><em>amplfficaiione.</em></span> <span class='ocrx_word' id='word_1_239' title='bbox 1154 1919 1257 1942; x_wconf 82' lang='lat' dir='ltr'><em>coen.</em></span> <span class='ocrx_word' id='word_1_240' title='bbox 1278 1901 1428 1942; x_wconf 77' lang='lat' dir='ltr'><em>inillis.</em></span> <span class='ocrx_word' id='word_1_241' title='bbox 1471 1900 1596 1944; x_wconf 80' lang='lat' dir='ltr'><strong>Amb.</strong></span> 
     </span>
     <span class='ocr_line' id='line_1_26' title="bbox 162 1967 1596 2025; baseline -0.002 -13"><span class='ocrx_word' id='word_1_242' title='bbox 162 1975 202 2012; x_wconf 88' lang='lat'><strong>1.</strong></span> <span class='ocrx_word' id='word_1_243' title='bbox 235 1986 315 2010; x_wconf 91' lang='lat' dir='ltr'><strong>om.</strong></span> <span class='ocrx_word' id='word_1_244' title='bbox 343 1973 395 2011; x_wconf 83' lang='lat' dir='ltr'><strong>in.</strong></span> <span class='ocrx_word' id='word_1_245' title='bbox 442 1968 579 2009; x_wconf 80' lang='lat' dir='ltr'><strong>Turio.</strong></span> <span class='ocrx_word' id='word_1_246' title='bbox 613 1968 720 2010; x_wconf 82' lang='lat' dir='ltr'>Flor.</span> <span class='ocrx_word' id='word_1_247' title='bbox 755 1985 777 2010; x_wconf 83' lang='lat' dir='ltr'>a</span> <span class='ocrx_word' id='word_1_248' title='bbox 801 1986 861 2025; x_wconf 88' lang='lat' dir='ltr'><strong>pr.</strong></span> <span class='ocrx_word' id='word_1_249' title='bbox 887 1987 942 2011; x_wconf 91' lang='lat' dir='ltr'><strong>m.</strong></span> <span class='ocrx_word' id='word_1_250' title='bbox 973 1988 1008 2012; x_wconf 89' lang='lat' dir='ltr'><strong>c.</strong></span> <span class='ocrx_word' id='word_1_251' title='bbox 1040 1982 1075 2010; x_wconf 84' lang='lat' dir='ltr'><strong>et</strong></span> <span class='ocrx_word' id='word_1_252' title='bbox 1103 1970 1196 2010; x_wconf 79' lang='lat' dir='ltr'><em>illis.</em></span> <span class='ocrx_word' id='word_1_253' title='bbox 1259 1967 1399 2022; x_wconf 83' lang='lat' dir='ltr'><strong>Camp.</strong></span> <span class='ocrx_word' id='word_1_254' title='bbox 1430 1986 1464 2011; x_wconf 78' lang='lat' dir='ltr'><strong>c.</strong></span> <span class='ocrx_word' id='word_1_255' title='bbox 1496 1981 1531 2008; x_wconf 82' lang='lat' dir='ltr'><strong>ct</strong></span> <span class='ocrx_word' id='word_1_256' title='bbox 1556 1973 1596 2009; x_wconf 83' lang='lat' dir='ltr'><strong>in</strong></span> 
     </span>
     <span class='ocr_line' id='line_1_27' title="bbox 160 2035 1598 2082; baseline 0.001 -5"><span class='ocrx_word' id='word_1_257' title='bbox 160 2037 256 2078; x_wconf 69' lang='lat' dir='ltr'><em>illis.</em></span> <span class='ocrx_word' id='word_1_258' title='bbox 369 2037 608 2077; x_wconf 71' lang='lat' dir='ltr'><strong><em>immanibus.</em></strong></span> <span class='ocrx_word' id='word_1_259' title='bbox 655 2035 781 2078; x_wconf 84' lang='lat' dir='ltr'>Amb.</span> <span class='ocrx_word' id='word_1_260' title='bbox 807 2043 844 2078; x_wconf 90' lang='lat'><strong>1.</strong></span> <span class='ocrx_word' id='word_1_261' title='bbox 875 2040 916 2078; x_wconf 85' lang='lat' dir='ltr'><strong>in</strong></span> <span class='ocrx_word' id='word_1_262' title='bbox 943 2039 1132 2080; x_wconf 79' lang='lat' dir='ltr'><strong><em>manibus.</em></strong></span> <span class='ocrx_word' id='word_1_263' title='bbox 1191 2036 1324 2079; x_wconf 84' lang='lat' dir='ltr'>Guelf.</span> <span class='ocrx_word' id='word_1_264' title='bbox 1357 2035 1490 2082; x_wconf 54' lang='lat' dir='ltr'><strong>Goth„</strong></span> <span class='ocrx_word' id='word_1_265' title='bbox 1509 2055 1598 2078; x_wconf 79' lang='lat' dir='ltr'><strong><em>ma·-</em></strong></span> 
     </span>
     <span class='ocr_line' id='line_1_28' title="bbox 159 2106 284 2146; baseline 0.008 -1"><span class='ocrx_word' id='word_1_266' title='bbox 159 2106 284 2146; x_wconf 79' lang='lat' dir='ltr'><strong><em>nibus.</em></strong></span> 
     </span>
    </p>

    <p class='ocr_par' dir='ltr' id='par_1_15' title="bbox 158 2171 1596 2552">
     <span class='ocr_line' id='line_1_29' title="bbox 272 2171 1596 2229; baseline 0.002 -16"><span class='ocrx_word' id='word_1_267' title='bbox 272 2176 309 2226; x_wconf 88' lang='lat'><strong>§.</strong></span> <span class='ocrx_word' id='word_1_268' title='bbox 343 2177 436 2213; x_wconf 90' lang='lat'>100.</span> <span class='ocrx_word' id='word_1_269' title='bbox 496 2188 626 2227; x_wconf 77' lang='lat' dir='ltr'><strong><em>accep.</em></strong></span> <span class='ocrx_word' id='word_1_270' title='bbox 647 2173 755 2228; x_wconf 76' lang='lat' dir='ltr'><strong><em>prob.</em></strong></span> <span class='ocrx_word' id='word_1_271' title='bbox 806 2172 943 2226; x_wconf 84' lang='lat' dir='ltr'><strong>Camp.</strong></span> <span class='ocrx_word' id='word_1_272' title='bbox 964 2191 1005 2228; x_wconf 88' lang='lat' dir='ltr'><strong>p.</strong></span> <span class='ocrx_word' id='word_1_273' title='bbox 1029 2191 1065 2213; x_wconf 88' lang='grc' dir='ltr'><strong>α.</strong></span> <span class='ocrx_word' id='word_1_274' title='bbox 1152 2173 1257 2229; x_wconf 80' lang='lat' dir='ltr'><em>qual.</em></span> <span class='ocrx_word' id='word_1_275' title='bbox 1279 2191 1420 2215; x_wconf 81' lang='lat' dir='ltr'><em>earum.</em></span> <span class='ocrx_word' id='word_1_276' title='bbox 1470 2171 1596 2216; x_wconf 87' lang='lat' dir='ltr'><strong>Amb.</strong></span> 
     </span>
     <span class='ocr_line' id='line_1_30' title="bbox 164 2239 1594 2295; baseline 0.002 -16"><span class='ocrx_word' id='word_1_277' title='bbox 164 2244 203 2279; x_wconf 92' lang='lat'><strong>1.</strong></span> <span class='ocrx_word' id='word_1_278' title='bbox 234 2242 352 2281; x_wconf 87' lang='lat' dir='ltr'><strong>inser.</strong></span> <span class='ocrx_word' id='word_1_279' title='bbox 381 2251 429 2280; x_wconf 80' lang='lat' dir='ltr'><strong>et.</strong></span> <span class='ocrx_word' id='word_1_280' title='bbox 544 2257 659 2295; x_wconf 80' lang='lat' dir='ltr'><strong><em>neque</em></strong></span> <span class='ocrx_word' id='word_1_281' title='bbox 684 2258 771 2294; x_wconf 79' lang='lat' dir='ltr'><em>gen.</em></span> <span class='ocrx_word' id='word_1_282' title='bbox 834 2239 968 2283; x_wconf 85' lang='lat' dir='ltr'><strong>Guelf.</strong></span> <span class='ocrx_word' id='word_1_283' title='bbox 1001 2239 1123 2283; x_wconf 82' lang='lat' dir='ltr'><strong>Goth.</strong></span> <span class='ocrx_word' id='word_1_284' title='bbox 1162 2242 1272 2283; x_wconf 85' lang='lat' dir='ltr'><strong>Jens.</strong></span> <span class='ocrx_word' id='word_1_285' title='bbox 1307 2251 1346 2283; x_wconf 83' lang='lat' dir='ltr'><strong>et</strong></span> <span class='ocrx_word' id='word_1_286' title='bbox 1377 2242 1468 2282; x_wconf 86' lang='lat' dir='ltr'><strong>edd.</strong></span> <span class='ocrx_word' id='word_1_287' title='bbox 1500 2251 1594 2282; x_wconf 76' lang='lat' dir='ltr'><strong>ante</strong></span> 
     </span>
     <span class='ocr_line' id='line_1_31' title="bbox 162 2304 1596 2364; baseline 0.002 -18"><span class='ocrx_word' id='word_1_288' title='bbox 162 2304 287 2346; x_wconf 83' lang='lat' dir='ltr'><strong>Stoer.</strong></span> <span class='ocrx_word' id='word_1_289' title='bbox 313 2324 380 2347; x_wconf 77' lang='lat' dir='ltr'><strong>nec</strong></span> <span class='ocrx_word' id='word_1_290' title='bbox 396 2325 438 2361; x_wconf 79' lang='lat' dir='ltr'><strong>g.</strong></span> <span class='ocrx_word' id='word_1_291' title='bbox 523 2308 824 2349; x_wconf 73' lang='lat' dir='ltr'><em>innumerabilis.</em></span> <span class='ocrx_word' id='word_1_292' title='bbox 864 2308 990 2349; x_wconf 87' lang='lat' dir='ltr'>Amb.</span> <span class='ocrx_word' id='word_1_293' title='bbox 1020 2314 1058 2350; x_wconf 86' lang='lat'><strong>1.</strong></span> <span class='ocrx_word' id='word_1_294' title='bbox 1079 2310 1382 2349; x_wconf 75' lang='lat' dir='ltr'><strong><em>innumerabiles.</em></strong></span> <span class='ocrx_word' id='word_1_295' title='bbox 1477 2326 1596 2364; x_wconf 81' lang='lat' dir='ltr'><em>neque</em></span> 
     </span>
     <span class='ocr_line' id='line_1_32' title="bbox 158 2373 1592 2432; baseline 0.004 -20"><span class='ocrx_word' id='word_1_296' title='bbox 158 2390 243 2428; x_wconf 80' lang='lat' dir='ltr'><strong><em>per.</em></strong></span> <span class='ocrx_word' id='word_1_297' title='bbox 295 2373 414 2415; x_wconf 87' lang='lat' dir='ltr'><strong>Goth.</strong></span> <span class='ocrx_word' id='word_1_298' title='bbox 437 2375 545 2417; x_wconf 89' lang='lat' dir='ltr'><strong>Jens.</strong></span> <span class='ocrx_word' id='word_1_299' title='bbox 566 2384 604 2414; x_wconf 82' lang='lat' dir='ltr'><strong>et</strong></span> <span class='ocrx_word' id='word_1_300' title='bbox 623 2375 713 2415; x_wconf 89' lang='lat' dir='ltr'><strong>edd.</strong></span> <span class='ocrx_word' id='word_1_301' title='bbox 736 2385 826 2417; x_wconf 86' lang='lat' dir='ltr'><strong>ante</strong></span> <span class='ocrx_word' id='word_1_302' title='bbox 848 2375 978 2417; x_wconf 87' lang='lat' dir='ltr'>Colin.</span> <span class='ocrx_word' id='word_1_303' title='bbox 1004 2394 1071 2416; x_wconf 81' lang='lat' dir='ltr'><strong>nec</strong></span> <span class='ocrx_word' id='word_1_304' title='bbox 1088 2395 1171 2432; x_wconf 80' lang='lat' dir='ltr'><strong><em>per.</em></strong></span> <span class='ocrx_word' id='word_1_305' title='bbox 1265 2380 1429 2432; x_wconf 78' lang='lat' dir='ltr'><em>patitur.</em></span> <span class='ocrx_word' id='word_1_306' title='bbox 1466 2376 1592 2419; x_wconf 83' lang='lat' dir='ltr'><strong>Amb.</strong></span> 
     </span>
     <span class='ocr_line' id='line_1_33' title="bbox 165 2441 1594 2500; baseline 0.002 -19"><span class='ocrx_word' id='word_1_307' title='bbox 165 2447 203 2481; x_wconf 91' lang='lat'><strong>1.</strong></span> <span class='ocrx_word' id='word_1_308' title='bbox 234 2441 341 2482; x_wconf 85' lang='lat' dir='ltr'>Flor.</span> <span class='ocrx_word' id='word_1_309' title='bbox 365 2445 484 2482; x_wconf 75' lang='lat' dir='ltr'><strong>etiam</strong></span> <span class='ocrx_word' id='word_1_310' title='bbox 500 2445 691 2497; x_wconf 76' lang='lat' dir='ltr'><em>patiatur.</em></span> <span class='ocrx_word' id='word_1_311' title='bbox 785 2445 992 2486; x_wconf 80' lang='lat' dir='ltr'><strong><em>subierunt.</em></strong></span> <span class='ocrx_word' id='word_1_312' title='bbox 1041 2442 1181 2500; x_wconf 85' lang='lat' dir='ltr'><strong>Camp.</strong></span> <span class='ocrx_word' id='word_1_313' title='bbox 1205 2446 1454 2500; x_wconf 78' lang='lat' dir='ltr'><strong><em>subjecerunt.</em></strong></span> <span class='ocrx_word' id='word_1_314' title='bbox 1552 2455 1594 2484; x_wconf 82' lang='lat' dir='ltr'><strong>ut</strong></span> 
     </span>
     <span class='ocr_line' id='line_1_34' title="bbox 162 2509 849 2552; baseline 0.006 -4"><span class='ocrx_word' id='word_1_315' title='bbox 162 2519 198 2548; x_wconf 82' lang='lat' dir='ltr'><strong>et</strong></span> <span class='ocrx_word' id='word_1_316' title='bbox 222 2512 394 2549; x_wconf 82' lang='lat' dir='ltr'><em>nimium.</em></span> <span class='ocrx_word' id='word_1_317' title='bbox 443 2509 573 2551; x_wconf 77' lang='lat' dir='ltr'><strong>Guelf.</strong></span> <span class='ocrx_word' id='word_1_318' title='bbox 603 2512 705 2549; x_wconf 81' lang='lat' dir='ltr'><em>utin</em></span> <span class='ocrx_word' id='word_1_319' title='bbox 723 2527 849 2552; x_wconf 83' lang='lat' dir='ltr'><strong><em>unum.</em></strong></span> 
     </span>
    </p>
   </div>
   <div class='ocr_carea' id='block_1_5' title="bbox 160 2575 1594 2689">
    <p class='ocr_par' dir='ltr' id='par_1_16' title="bbox 160 2575 1594 2689">
     <span class='ocr_line' id='line_1_35' title="bbox 279 2575 1592 2630; baseline 0.004 -13"><span class='ocrx_word' id='word_1_320' title='bbox 279 2578 315 2630; x_wconf 85' lang='lat'><strong>§.</strong></span> <span class='ocrx_word' id='word_1_321' title='bbox 340 2582 431 2618; x_wconf 90' lang='grc'><strong>101.</strong></span> <span class='ocrx_word' id='word_1_322' title='bbox 485 2577 606 2618; x_wconf 78' lang='lat' dir='ltr'><strong><em>Unde.</em></strong></span> <span class='ocrx_word' id='word_1_323' title='bbox 653 2575 772 2618; x_wconf 89' lang='lat' dir='ltr'><strong>Amb.</strong></span> <span class='ocrx_word' id='word_1_324' title='bbox 787 2584 823 2619; x_wconf 89' lang='lat'><strong>1.</strong></span> <span class='ocrx_word' id='word_1_325' title='bbox 843 2579 876 2620; x_wconf 87' lang='lat' dir='ltr'>F</span> <span class='ocrx_word' id='word_1_326' title='bbox 877 2583 950 2620; x_wconf 87' lang='lat' dir='ltr'><strong>lor.</strong></span> <span class='ocrx_word' id='word_1_327' title='bbox 971 2579 1071 2620; x_wconf 70' lang='lat' dir='ltr'><em>inde.</em></span> <span class='ocrx_word' id='word_1_328' title='bbox 1161 2596 1246 2621; x_wconf 83' lang='lat' dir='ltr'><strong>cum</strong></span> <span class='ocrx_word' id='word_1_329' title='bbox 1266 2582 1306 2620; x_wconf 83' lang='lat' dir='ltr'><strong>in</strong></span> <span class='ocrx_word' id='word_1_330' title='bbox 1327 2579 1412 2622; x_wconf 67' lang='lat' dir='ltr'><strong>hos·</strong></span> <span class='ocrx_word' id='word_1_331' title='bbox 1455 2579 1592 2622; x_wconf 78' lang='lat' dir='ltr'><strong>Turio.</strong></span> 
     </span>
     <span class='ocr_line' id='line_1_36' title="bbox 160 2642 1594 2689; baseline 0.002 -5"><span class='ocrx_word' id='word_1_332' title='bbox 160 2642 266 2685; x_wconf 86' lang='lat' dir='ltr'>Flor.</span> <span class='ocrx_word' id='word_1_333' title='bbox 291 2643 403 2684; x_wconf 79' lang='lat' dir='ltr'>Ahn.</span> <span class='ocrx_word' id='word_1_334' title='bbox 427 2642 560 2685; x_wconf 80' lang='lat' dir='ltr'>Guelf.</span> <span class='ocrx_word' id='word_1_335' title='bbox 581 2644 704 2687; x_wconf 78' lang='lat' dir='ltr'><strong>Amb.</strong></span> <span class='ocrx_word' id='word_1_336' title='bbox 726 2653 765 2688; x_wconf 86' lang='lat'><strong>2.</strong></span> <span class='ocrx_word' id='word_1_337' title='bbox 787 2651 912 2689; x_wconf 81' lang='lat' dir='ltr'><strong>omitt.</strong></span> <span class='ocrx_word' id='word_1_338' title='bbox 934 2650 986 2688; x_wconf 83' lang='lat' dir='ltr'><strong>in.</strong></span> <span class='ocrx_word' id='word_1_339' title='bbox 1033 2646 1151 2688; x_wconf 81' lang='lat' dir='ltr'>Voss.</span> <span class='ocrx_word' id='word_1_340' title='bbox 1178 2653 1214 2688; x_wconf 86' lang='grc'><strong>1.</strong></span> <span class='ocrx_word' id='word_1_341' title='bbox 1242 2647 1295 2686; x_wconf 76' lang='lat' dir='ltr'><strong>ad</strong></span> <span class='ocrx_word' id='word_1_342' title='bbox 1315 2647 1404 2689; x_wconf 68' lang='grc' dir='ltr'><strong>ἧος..</strong></span> <span class='ocrx_word' id='word_1_343' title='bbox 1491 2651 1594 2688; x_wconf 80' lang='lat' dir='ltr'><em>inci-</em></span> 
     </span>
    </p>
   </div>
   <div class='ocr_carea' id='block_1_6' title="bbox 128 2710 1594 2772">
    <p class='ocr_par' dir='ltr' id='par_1_17' title="bbox 128 2710 1594 2772">
     <span class='ocr_line' id='line_1_37' title="bbox 128 2710 1594 2772; baseline 0.003 -21"><span class='ocrx_word' id='word_1_344' title='bbox 128 2742 133 2744; x_wconf 54' lang='lat'><em>&gt;</em></span> <span class='ocrx_word' id='word_1_345' title='bbox 161 2710 312 2754; x_wconf 75' lang='lat' dir='ltr'><strong><em>dcrunt.</em></strong></span> <span class='ocrx_word' id='word_1_346' title='bbox 360 2710 501 2768; x_wconf 72' lang='lat' dir='ltr'>Camp-</span> <span class='ocrx_word' id='word_1_347' title='bbox 523 2713 744 2756; x_wconf 71' lang='lat' dir='ltr'><em>inciderent.</em></span> <span class='ocrx_word' id='word_1_348' title='bbox 825 2726 1015 2772; x_wconf 72' lang='lat' dir='ltr'><strong><em>poterant.</em></strong></span> <span class='ocrx_word' id='word_1_349' title='bbox 1052 2714 1159 2757; x_wconf 85' lang='lat' dir='ltr'>Flor.</span> <span class='ocrx_word' id='word_1_350' title='bbox 1178 2726 1392 2770; x_wconf 71' lang='lat' dir='ltr'><strong><em>potuerunt.</em></strong></span> <span class='ocrx_word' id='word_1_351' title='bbox 1473 2719 1594 2756; x_wconf 72' lang='lat' dir='ltr'><em>asiri-</em></span> 
     </span>
    </p>
   </div>
  </div>
 </body>
</html>
