1775 3091
1443 193 1534 228 ΧΧΙ

99 302 351 351 immissa,
383 299 462 341 hoc
484 315 568 341 non
591 299 713 348 fecit,
741 297 814 339 sed
838 296 985 338 scribit
1006 310 1061 336 ma
1085 309 1185 337 vero
1211 292 1355 349 Camp.
1380 293 1483 349 Reg.
1502 299 1536 335 1.

100 381 167 421 Ex
198 394 279 435 quo
317 382 355 420 si
386 382 479 435 quis
510 381 722 433 conjicere
751 375 904 425 vellet,
943 377 985 416 111
1015 373 1188 430 reliquis
1219 388 1311 414 esse
1343 388 1399 415 cm
1429 387 1535 424 nou,

100 473 350 515 magnopere
380 467 554 498 erraret.
620 455 731 497 Nam
761 454 832 495 ille
864 454 970 495 nihil
999 453 1113 494 aliud
1143 467 1266 508 quam
1296 451 1537 507 significare
1564 463 1569 466 ·

102 537 253 588 1011111,
294 536 444 578 10013111
474 536 556 578 sibi
597 549 760 590 quoque
799 547 892 574 0880
930 533 1239 574 annotationem
1272 530 1538 586 Spaldingia-

98 631 220 668 nam,
271 626 311 657 et
364 616 594 657 testimonii
637 628 765 655 causa
811 615 936 654 11111118
987 611 1142 652 codicis
1182 619 1323 652 notam
1370 610 1537 663 adiecit.

97 693 241 751 Itaque
270 694 341 746 fit,
373 703 418 736 ut
436 696 586 735 inanes
615 693 704 734 fere
734 691 814 733 hae
840 692 966 747 dapes
992 691 1098 741 81111,
1131 690 1244 731 etad
1267 689 1539 745 spectandum

98 775 233 830 magis
257 788 381 830 quam
401 774 452 813 ad
470 773 696 814 fruendum
720 779 1002 827 comparatae:
1035 783 1168 825 neque
1189 783 1268 825 ego
1292 783 1407 819 01110,
1441 768 1542 823 1]111(1

100 852 156 892 sit
186 852 295 907 quod
327 850 598 894 Dussaultius
630 853 673 892 in
713 864 823 891 nova
853 850 1034 890 editione
1069 846 1321 897 Quintiliani
1348 846 1542 887 parisina

100 928 290 970 l’ottierii
320 931 531 971 variantes
561 930 642 971 sibi
685 930 894 979 vindieat,
943 937 1154 983 tamquam
1192 941 1218 967 a
1241 933 1393 981 nepote
1432 925 1541 979 ejus,

101 1009 172 1061 qui
205 1010 485 1063 excerpserit,
529 1009 719 1059 Vicarii,
763 1007 863 1049 olim
892 1006 1144 1061 professoris
1173 1005 1380 1055 Parisini,
1414 1005 1466 1045 ad
1496 1019 1542 1045 se

100 1083 272 1126 delatas.
332 1087 437 1127 Sunt
467 1089 578 1128 enim
609 1087 804 1136 eaedem,
835 1099 940 1140 quae
972 1084 1081 1138 apud
1106 1084 1355 1124 Pottierium
1380 1092 1542 1135 extant,

100 1165 269 1205 omissis
292 1164 566 1220 quibusdam,
599 1174 640 1206 et
674 1166 852 1219 adjectis
885 1161 1045 1217 aliquot
1080 1163 1201 1202 novis
1232 1160 1544 1216 typothetarum

99 1242 334 1293 erroribus,
376 1253 576 1298 quantum
614 1245 782 1301 quidem
820 1257 875 1284 ex
916 1239 1158 1296 apographo
1197 1241 1241 1280 in
1275 1239 1474 1281 Seebodii
1504 1250 1545 1281 et

96 1310 394 1363 Friedemanni
435 1321 618 1365 Miscell.
661 1325 754 1364 crit.
794 1319 938 1362 Vol.1
967 1336 1005 1376 p.
1018 1323 1102 1362 486
1142 1333 1230 1374 sqq.
1280 1317 1544 1375 intelligitur.

99 1397 254 1455 Utique
282 1400 334 1442 lis
375 1402 505 1443 fuerit
537 1403 588 1443 de
619 1401 717 1443 lana
747 1402 931 1456 caprina.
999 1398 1084 1440 Sed
1115 1398 1311 1454 quicquid
1341 1399 1434 1452 ejus
1465 1407 1543 1448 est,

98 1477 391 1522 parisinorum
421 1482 614 1523 codicum
643 1483 871 1522 varietates
905 1481 950 1520 in
988 1477 1097 1520 hanc
1126 1490 1281 1532 penum
1311 1475 1430 1517 nolui
1460 1491 1544 1517 non

97 1559 308 1613 recipere,
352 1574 405 1600 ne
435 1561 534 1615 quid
564 1561 752 1611 deesset,
785 1559 896 1615 quod
927 1559 979 1599 ad
1006 1571 1111 1613 opus
1140 1557 1546 1611 praestantissimum

99 1635 419 1679 emaculandum
449 1638 713 1695 aliquatenus
754 1645 897 1693 posset
926 1635 1029 1678 utile
1059 1636 1208 1676 videri.
1288 1633 1430 1675 Unum
1464 1634 1546 1675 hoc

99 1729 276 1768 moneo,
324 1731 378 1758 ne
409 1718 501 1773 quis
539 1726 761 1774 propterea
790 1717 901 1772 quod
925 1715 1151 1757 Pottierius
1181 1711 1290 1755 nihil
1321 1715 1546 1765 annotarit,

97 1792 178 1834 hoc
207 1793 277 1834 vel
304 1794 408 1836 illud
440 1810 531 1837 esse
571 1797 615 1837 in
647 1795 862 1838 codicibus
892 1795 1096 1836 parisinis
1125 1801 1266 1848 putet3
1311 1805 1408 1832 nam
1438 1794 1548 1833 sicut

100 1886 173 1926 par
203 1882 266 1914 est
295 1875 346 1915 de
375 1873 458 1915 fide
488 1873 672 1915 hominis
701 1873 809 1915 nihil
837 1887 959 1914 secus
988 1873 1257 1922 existimare,
1297 1872 1358 1910 ita
1383 1873 1549 1926 pericu-

99 1948 241 1992 losum
270 1961 333 1992 est
364 1966 418 1993 ex
447 1954 540 2007 ejus
570 1951 740 1993 silentio
772 1954 996 2008 quicquam
1027 1950 1294 1991 contendere.
1355 1949 1548 2005 Spaldin—

100 2031 323 2084 gianorum
381 2040 521 2072 autem
579 2031 796 2082 codicum,
867 2028 1054 2072 Gothani
1105 2037 1146 2069 et
1198 2026 1546 2083 Guelferbytani,

99 2106 368 2160 Turicensis,
400 2109 655 2161 Florentini,
697 2108 1077 2151 Ambrosianorum
1108 2107 1128 2148 I
1148 2115 1189 2148 et
1213 2106 1254 2148 II
1283 2116 1400 2149 tanta
1440 2108 1547 2150 fides

99 2184 335 2228 collationis
392 2198 479 2239 est,
536 2197 581 2229 ut
627 2190 709 2230 nisi
762 2189 903 2244 gravis
954 2188 1159 2243 quaedam
1208 2200 1336 2227 causa
1383 2185 1544 2239 obstat,

100 2265 266 2319 (errare
291 2267 405 2307 enim
429 2265 660 2309 humanum
683 2267 770 2321 est)
800 2268 929 2308 etiam
958 2264 1127 2307 silentio
1158 2279 1236 2306 sua
1261 2264 1368 2306 fides
1398 2263 1548 2305 haberi

102 2342 268 2386 debeat.
328 2343 473 2400 Itaque
514 2360 767 2402 quamquam
804 2347 849 2386 in
880 2345 962 2386 hoc
995 2358 1151 2399 genere
1180 2346 1275 2398 Lnon
1304 2343 1546 2382 incuriosus

100 2420 163 2460 fui
201 2430 243 2462 et
281 2425 370 2478 ipse
408 2423 654 2480 plerumque
695 2426 921 2475 annotavi,
968 2432 1138 2478 propter
1179 2420 1396 2463 silentium
1437 2422 1544 2476 ejus,

103 2500 172 2552 qui
202 2497 332 2542 libros
372 2502 622 2554 contulerit,
663 2503 809 2545 videri
844 2505 889 2544 in
931 2500 1190 2543 membranis
1229 2500 1311 2540 hoc
1343 2498 1411 2540 vel
1438 2499 1546 2541 illud

101 2577 317 2619 inventum
359 2595 476 2633 esse,
520 2583 609 2622 sive
645 2581 847 2633 sortasse
886 2583 944 2622 ita
986 2580 1140 2631 fuisse,
1191 2579 1311 2619 verbi
1344 2593 1471 2621 causa
1499 2583 1545 2621 in

102 2654 399 2710 Ambrosiam,
427 2661 548 2713 juvat
575 2669 714 2702 tamen
743 2674 965 2716 apponere,
997 2659 1245 2715 quibuscum
1272 2658 1396 2700 editis
1424 2658 1545 2701 libris
