1775 3091
239 178 301 228 (1ιῖ,-
314 178 484 234 Quintil.
508 177 641 220 Instit.
666 176 744 228 171,
765 179 805 218 4.
844 180 879 231 §.
902 182 1097 220 20-22,
1140 181 1177 219 5.
1201 179 1281 231 §.1
1297 187 1428 221 —10.
1489 187 1564 223 351

130 299 167 333 1.
197 292 304 334 Flor.
336 296 456 335 etlam
483 296 607 348 cujus.
730 291 845 349 fi·eq.
876 308 979 332 nam.
1037 290 1173 334 Turio.
1203 308 1225 333 a
1253 309 1330 334 sec.
1361 309 1416 335 m.
1448 296 1568 337 inser.

126 379 165 401 a.
285 362 332 414 Q.
388 362 526 404 Turio.
556 361 664 402 Flor.
695 376 808 414 quae.
921 359 1169 402 Hortensius.
1218 360 1356 403 Turic.
1385 377 1408 402 a
1429 379 1489 418 pr.
1510 379 1565 404 m.

125 428 332 471 hortensis.

240 520 277 570 §.
311 523 351 561 5.
410 518 462 559 Et
499 520 554 558 in.
620 517 728 559 Flor.
768 519 914 558 omittit
952 520 1005 559 in.
1072 518 1190 560 Voss.
1230 525 1270 560 2.
1313 519 1374 568 id,
1424 521 1568 561 omissa

125 591 429 642 praepositione.
543 585 637 642 quirl
667 586 743 627 dic.
799 585 835 626 T
839 589 936 626 uric.
967 602 989 626 a
1010 602 1067 640 pr.
1089 603 1141 626 m.
1168 586 1270 643 quod
1294 587 1334 628 ἅ.
1449 587 1569 644 dff-

126 655 299 695 rendum.
355 653 484 694 Amb.
508 660 544 694 1.
564 653 596 694 F
598 657 671 694 lor.
694 669 853 709 quoque
874 653 1140 710 diffidendum.
1257 658 1395 696 satius.
1443 653 1566 697 Amb.

127 727 163 761 1.
205 722 342 762 Turic.
371 721 478 763 Flor.
518 722 627 763 Jens.
668 732 707 762 et
746 722 836 762 edd.
880 731 971 761 ante
999 721 1099 764 Ald.
1130 726 1242 764 satis.
1354 726 1568 778 prooemio.

123 788 261 830 Turio.
288 793 452 845 premio.
509 789 618 831 Flor.
646 794 788 845 primo.
912 790 1040 831 mend.
1100 789 1221 833 Goth.
1252 792 1387 844 adecit
1414 803 1484 833 est.

123 868 158 896 et
189 858 306 913 quali.
360 858 467 900 Flor.
500 858 669 913 aequali.

235 951 272 1000 §.
305 953 342 990 6.
403 946 498 1003 quid
523 951 588 988 sit.
646 948 783 990 Turic.
815 948 916 1005 quod
943 951 1007 989 sit.

233 1041 269 1092 §.
298 1044 338 1080 7.
397 1055 491 1079 esse.
530 1037 668 1081 Turio.
689 1056 711 1080 a
731 1056 788 1094 pr.
806 1055 862 1082 m.
883 1039 992 1081 Flor.
1017 1050 1087 1081 est.
1203 1038 1247 1079 id
1263 1056 1399 1096 prosp.
1431 1038 1566 1082 Guelf.
1595 1046 1598 1049 '

122 1123 202 1148 om.
239 1107 292 1148 id.
406 1119 610 1149 monstrat.
667 1108 794 1148 Amb.
828 1107 865 1149 1.
896 1124 919 1148 a
946 1124 1026 1149 sec.
1057 1123 1114 1150 m.
1143 1111 1390 1149 monstravit.
1504 1127 1571 1149 nc·-

120 1176 328 1230 gligcniia.
387 1175 496 1216 Flor.
534 1176 816 1230 negligentiam.
938 1175 1148 1217 emendari.
1207 1174 1340 1216 Guelf.
1378 1176 1567 1218 mendari.

206 1255 261 1283 at.
314 1241 450 1284 Guelf.
481 1243 598 1284 Voss.
622 1251 660 1284 2.
694 1243 833 1298 Camp.
865 1252 904 1284 et
934 1246 1024 1285 edd.
1047 1254 1140 1285 ante
1168 1243 1268 1285 Bad.
1298 1261 1360 1285 ac,
1475 1248 1568 1301 spei.

121 1311 230 1352 Jens.
261 1321 301 1351 et
332 1312 422 1353 edd.
453 1321 543 1352 aute
569 1311 670 1352 Ald.
703 1315 772 1353 rei.

234 1406 270 1454 §.
299 1407 333 1442 8.
392 1412 599 1442 vereretur.
660 1401 802 1456 Camp.
832 1412 1060 1442 verrereiur.
1175 1406 1387 1456 segnitiem.
1440 1400 1568 1443 Amb.

123 1476 159 1510 1.
191 1468 328 1509 Turio.
359 1484 382 1507 a
410 1484 468 1521 pr.
496 1485 550 1510 m.
580 1473 798 1522 segnitiam.
914 1469 1136 1511 asserenda.
1197 1470 1336 1511 Turio.
1367 1485 1389 1508 a
1420 1486 1478 1524 pr.
1510 1486 1568 1510 m.

119 1537 226 1579 Flor.
268 1536 494 1594 adferenda.
637 1541 702 1593 qui
738 1554 836 1578 cam.
903 1536 1042 1579 Turio.
1081 1554 1106 1578 a
1143 1555 1204 1593 pr.
1242 1554 1299 1578 m.
1339 1537 1431 1593 quid
1468 1554 1566 1579 cam.

118 1605 243 1646 Amb.
279 1611 313 1645 1.
346 1608 411 1660 qui
443 1623 559 1661 remp.
616 1606 723 1646 Flor.
756 1604 850 1660 quid
878 1621 971 1646 rem.
1029 1605 1121 1647 Par.
1155 1612 1193 1648 1.
1222 1612 1262 1647 2.
1297 1609 1363 1661 qui
1392 1623 1484 1645 rem.

120 1691 209 1713 nam
238 1684 288 1714 et.
339 1673 451 1713 Jens.
482 1672 603 1713 Tarv.
636 1676 827 1713 omittunt
859 1683 909 1712 ct.
1034 1684 1191 1713 natura.
1250 1673 1361 1714 Jens.
1391 1672 1513 1713 Tarv.
1545 1691 1571 1713 a

120 1751 202 1781 nai.
254 1788 257 1792 .
321 1750 362 1779 ut
392 1739 480 1780 mel.
538 1739 664 1781 Aan.
698 1745 736 1779 1-.
776 1738 914 1779 Turio.
945 1754 967 1778 a
996 1755 1056 1792 pr.
1089 1755 1146 1780 m.
1187 1740 1293 1780 Flor.
1334 1751 1368 1778 ct
1395 1740 1483 1780 mel.

117 1807 341 1861 probantes·
397 1805 537 1848 Turio.
567 1806 676 1848 Flor.
708 1805 832 1847 Goth.
869 1805 1010 1860 Camp.
1043 1816 1081 1846 et
1111 1808 1200 1848 edd.
1225 1817 1316 1848 ante
1341 1807 1444 1849 Bad.
1471 1825 1571 1864 pro-

120 1875 270 1922 bantis,
320 1874 420 1914 haec
450 1889 543 1914 vero
573 1890 666 1915 cum
695 1873 848 1915 Cervic.
882 1874 994 1915 Sich.
1024 1875 1264 1930 probante-is,

233 1967 269 2018 §.
301 1969 339 2006 9.
395 1965 608 2020 sqffccerit.
666 1964 757 2006 Par.
792 1969 831 2006 1.
859 1971 900 2006 2.
943 1968 1064 2005 etiam
1102 1965 1308 2022 sxffficercl.
1372 1963 1497 2006 Aan.
1530 1972 1566 2007 1.

119 2033 300 2089 sxgfficiet.
360 2031 463 2072 Flor.
494 2033 748 2089 Stffceretur.
862 2033 974 2088 quod.
1031 2032 1142 2073 Jens.
1184 2032 1306 2073 Tarv.
1351 2032 1455 2088 quid.

119 2103 252 2141 mirer.
310 2099 420 2141 Flor.
448 2103 570 2141 etiam
597 2103 735 2141 miror.
848 2103 1149 2156 eoepositioncm.
1207 2099 1344 2140 Turio.
1375 2115 1491 2141 asec.
1512 2116 1568 2141 m.

119 2183 325 2222 ear-ponem.
449 2185 523 2224 qua
563 2171 698 2209 matri.
765 2167 834 2210 Sic
870 2172 993 2209 etiam
1030 2168 1120 2209 Par.
1152 2173 1190 2209 1.
1238 2177 1277 2208 et
1314 2169 1442 2216 Flor.,
1491 2171 1569 2208 nisi

118 2237 226 2290 quod
263 2236 330 2276 hic
364 2252 494 2291 quam.
627 2235 775 2291 filium.
844 2235 980 2278 Guelf.
1013 2237 1164 2291 filiam.
1305 2236 1411 2291 quod
1451 2236 1566 2276 idem.

117 2302 227 2344 Flor.
266 2294 386 2343 etiam
424 2321 497 2359 quo
535 2304 645 2345 dicit.
714 2303 841 2345 Amb.
887 2311 924 2346 1.
972 2307 1120 2345 omittit
1167 2303 1283 2344 idem.
1413 2303 1568 2356 judicii.

117 2369 246 2412 Amb.
280 2377 316 2411 1.
357 2374 478 2411 etiam
510 2375 669 2413 omittit.
786 2388 872 2413 nov.
906 2383 976 2413 cst.
1032 2371 1158 2412 Amb.
1191 2378 1228 2412 1.
1272 2387 1352 2412 om.
1384 2382 1454 2412 esi.

118 2454 206 2492 quo.
264 2438 393 2481 Amb.
428 2446 464 2480 1.
501 2439 638 2481 Turic-
676 2439 785 2481 Flor.
826 2440 942 2496 quod.
1063 2439 1304 2496 offindissei.
1362 2438 1490 2480 Amb.
1526 2442 1566 2480 1.

115 2505 225 2547 Flor.
256 2509 380 2547 etiam
409 2507 658 2564 defendisset.

229 2597 269 2649 ξ.
300 2601 368 2637 10.
430 2597 553 2648 Quid.
614 2596 754 2652 Camp.
794 2600 957 2638 omittit.
1017 2596 1156 2637 Tul-Ic.
1199 2595 1333 2637 Guelf.
1367 2594 1480 2649 quod.

119 2663 223 2715 quod
261 2680 350 2706 non.
416 2663 554 2706 Turio.
596 2679 620 2705 a
657 2681 736 2707 sec.
776 2681 831 2707 m.
873 2664 1009 2706 Guelf.
1049 2681 1126 2721 quo
1163 2681 1253 2705 non.
1369 2662 1563 2702 liberaret.
