1775 3091
385 225 439 267 acl
469 224 634 281 Quintil.
664 223 794 266 Instit.
825 223 870 273 Ῑ,
909 228 949 267 6.
989 223 1258 276 §.15—25.
1490 225 1543 267 45

101 343 216 381 illam
253 343 489 396 scripturam
526 343 733 382 restituere
772 349 907 395 potes,
957 340 1077 380 modo
1115 338 1351 379 emendatius
1388 337 1546 379 caldum

103 425 222 464 quam
242 409 434 461 calidum,
463 413 697 463 permutatis
729 410 910 460 sedibus,
941 406 1131 459 scribas]
1248 409 1342 462 quia
1369 406 1411 446 id
1441 406 1544 447 Obr.

103 478 182 530 (ex
209 475 334 530 Arg.,
375 477 512 531 opin.)
545 477 681 518 Turic.
710 474 820 516 Alm.
855 475 995 530 Camp.
1027 479 1117 517 fort.
1148 473 1271 516 Amb.
1295 480 1333 516 1.
1445 473 1546 513 illud

102 559 183 583 om.
224 542 357 586 Guelf.
396 545 509 586 Sich.
625 556 668 585 ut
705 555 740 583 et
778 547 859 599 ipse
897 543 1032 585 Turio.
1094 546 1185 600 [De
1217 552 1409 598 potestate
1438 544 1546 582 vocis

101 612 259 652 odiosus
286 615 337 653 cf.
370 611 557 665 Quintil.·
577 616 710 667 ipsum
737 611 770 664 I,
795 616 833 663 6,
855 613 909 652 40
940 615 1006 652 cit.
1039 610 1160 653 Gesn.
1186 614 1286 652 item
1311 609 1388 661 VI,
1414 615 1452 661 1,
1472 609 1544 661 2.]

212 683 244 734 ᾗ.
276 686 344 722 20.
402 682 536 736 Atque
564 682 666 721 Ῑιαηο
692 680 834 734 Camp.
866 680 978 721 Sich.
1037 680 1171 735 Atque
1192 682 1233 719 in
1257 679 1333 719 hac
1359 676 1482 719 Amb.
1506 682 1545 718 1.

101 762 125 787 a
160 763 240 788 sec.
280 764 336 789 m.
377 760 493 803 atque
521 752 560 788 in
589 749 691 789 hanc
727 748 835 789 Flor.
869 747 1006 788 Turio.
1040 748 1109 802 (iu
1138 749 1216 788 hoc
1245 748 1392 787 delevit
1421 748 1461 784 in
1490 748 1544 785 al.

99 815 238 870 man.)
354 828 460 857 recta
491 816 648 857 locutio.
709 828 817 856 ceria
842 815 917 856 loc.
951 815 1088 856 Turio.
1130 813 1242 869 (non
1270 813 1459 864 elocutio,
1500 821 1549 853 ut·

101 876 353 938 ait'Spald.)
393 884 501 925 Flor.
542 883 660 924 Bodl.
701 883 848 925 Joaun.
886 883 1033 924 Baliol.
1072 881 1181 923 Ahn.
1214 881 1332 923 Voss.
1356 887 1392 921 1.
1421 880 1545 922 Bern.

99 950 287 1006 Florileg.
321 952 489 993 Sauten.
520 952 643 993 Paris.
668 958 705 992 1.
741 951 879 1006 Camp.
912 961 950 991 et
973 953 1064 992 edd.
1090 966 1226 991 omnes
1247 959 1338 990 ante
1359 947 1544 1004 Gryph.;

99 1022 267 1060 silentur
296 1019 418 1060 Amb.
445 1027 483 1061 1.
504 1026 542 1061 2.
557 1050 568 1069 ,
602 1036 622 1059 e
654 1024 798 1075 quibus
826 1023 1086 1074 posteriorem
1117 1030 1225 1059 ceria
1253 1019 1346 1058 dare
1376 1019 1545 1059 confido.

102 1099 210 1127 recta
254 1092 298 1127 in
345 1088 470 1129 Paris.
509 1094 548 1129 2.
591 1104 674 1127 esse
712 1087 876 1129 Pottier.
924 1089 1067 1128 diserte
1105 1089 1239 1128 tradit.
1355 1085 1548 1140 obrogata

100 1154 237 1199 Turio.
267 1155 374 1196 Flor.
405 1154 517 1209 Alm.
551 1157 688 1196 Guelf.
806 1155 1006 1209 cujusdam
1035 1154 1149 1195 insol.
1181 1154 1288 1194 Flor.

213 1228 249 1277 §.
281 1228 349 1264 21.
409 1223 615 1272 salutarit,
666 1232 712 1263 ut
752 1222 879 1274 Obr.,
930 1226 1052 1262 etlam
1091 1222 1229 1266 Toeric.
1262 1223 1369 1264 Flor.
1404 1224 1545 1279 Camp.

98 1294 190 1332 fort.
221 1290 344 1332 Amb.
367 1296 405 1332 1.
437 1308 459 1330 e
484 1291 606 1332 Paris.
637 1291 802 1341 Pottier.
834 1291 942 1330 nihil
969 1295 1047 1330 nisi
1073 1291 1261 1330 salutavit
1285 1308 1366 1331 esse
1382 1295 1425 1331 in
1445 1298 1482 1333 1.
1503 1299 1543 1334 2.

97 1363 266 1400 notavit.
383 1375 495 1398 avere
511 1371 567 1398 cst
587 1363 711 1411 cnim5
741 1363 796 1399 sic
820 1362 942 1398 etialn
964 1358 1064 1399 Obr.
1089 1358 1228 1413 Camp.
1257 1358 1348 1400 Par.
1373 1367 1411 1401 2.
1437 1366 1474 1401 3.
1504 1367 1542 1404 6.

97 1426 221 1467 Amb.
243 1433 282 1467 2.
313 1429 405 1467 fort.
438 1425 559 1467 Amb.
585 1433 622 1468 1.
657 1443 738 1468 acc.
769 1427 902 1467 Flor.:
947 1442 1060 1466 avere
1088 1430 1200 1467 enim.
1261 1440 1369 1467 avete
1392 1428 1483 1471 Par.
1506 1436 1544 1472 1.

212 1497 249 1546 §.
280 1500 347 1535 22.
405 1498 599 1548 magistra
627 1500 748 1536 etiam
777 1494 899 1536 Ajnb.
925 1501 962 1535 2.
1021 1497 1209 1548 magistri
1239 1496 1336 1551 (qui
1362 1500 1450 1538 fons
1482 1516 1547 1539 er.

98 1567 195 1604 roris
234 1578 315 1602 esse
353 1563 535 1617 videtur)
573 1563 710 1605 Turio.
748 1562 860 1605 Alm.
902 1566 1009 1604 Flor.
1053 1563 1144 1617 (hic
1189 1567 1233 1602 in
1265 1579 1392 1618 marg.
1423 1566 1548 1608 habet

97 1628 339 1684 receptam).
369 1628 490 1670 Amb.
519 1636 554 1671 1.
585 1635 735 1673 siletur.
851 1643 887 1671 et
911 1634 1066 1686 primas
1108 1631 1245 1672 Turio.
1362 1650 1439 1673 non
1468 1638 1549 1674 mi-

97 1716 210 1738 nuere
238 1697 338 1739 Obr.
369 1698 447 1751 (ex
476 1696 643 1752 Argent.
675 1700 796 1757 fort.)
837 1700 974 1740 Turio.
1006 1698 1126 1740 Α1111.4
1148 1699 1254 1739 Flor.
1290 1699 1431 1755 Camp.

99 1786 124 1808 α
152 1769 309 1806 summis
347 1765 512 1820 Camp.3
561 1778 764 1822 receptam
806 1769 1018 1808 defendere
1057 1769 1246 1807 censendi
1284 1779 1378 1808 sunt
1408 1769 1544 1811 Turio.

96 1836 203 1877 Flor.
234 1833 356 1875 Amb.
392 1839 428 1874 1.
446 1866 456 1885 ‚
507 1838 578 1889 qui
605 1839 794 1883 silentur,
847 1845 886 1874 et
916 1836 1051 1873 diserti
1082 1844 1260 1874 auctores
1290 1838 1392 1876 fiunt
1419 1837 1545 1880 Paris.

98 1910 137 1944 3.
160 1907 221 1953 5.,
262 1917 353 1941 cum
381 1904 425 1940 in
457 1906 494 1942 1.
529 1908 568 1942 2.
604 1907 641 1942 6.
680 1906 730 1942 sit
757 1905 798 1941 in
825 1905 1000 1941 summis.
1118 1903 1356 1943 auctoribus.
1417 1904 1547 1945 ducti-

97 1973 165 2011 bus
194 1969 331 2010 Turio.
361 1968 471 2008 Flor.
501 1967 624 2009 Amb.
646 1975 682 2010 1.
745 1969 968 2008 ductoribus
994 1967 1105 2008 Ahn.
1222 1969 1378 2010 literam
1397 1973 1436 2010 z’n
1455 1990 1543 2025 gen.

152 2039 369 2078 litterarum
388 2054 475 2089 gen.
499 2036 635 2077 Turio.
659 2053 681 2076 a
698 2053 759 2090 pr.
781 2053 837 2076 m.
860 2034 982 2076 Amb.
1006 2043 1045 2077 2.
1107 2036 1277 2076 litteram
1295 2055 1383 2091 gen.
1405 2039 1543 2083 Turic.

97 2124 119 2147 a
146 2123 202 2146 m.
233 2121 311 2145 sec.
353 2103 463 2144 Flor.
503 2103 652 2144 Almel.
690 2105 805 2144 Voss.
829 2109 867 2144 3.
982 2107 1100 2143 etiam
1128 2107 1237 2157 jecur
1277 2108 1368 2148 edd.
1398 2110 1493 2147 inde
1522 2126 1546 2150 a

95 2175 206 2216 Sich.
260 2176 337 2227 jec.
369 2182 418 2211 et.
450 2171 586 2212 Turio.
617 2172 726 2213 Flor.
755 2169 897 2226 Camp.
930 2181 969 2211 et
989 2173 1078 2211 edd.
1101 2175 1368 2228 insequentes.
1427 2181 1544 2218 etiam

96 2259 176 2283 om.
217 2239 339 2282 Amb.
375 2244 413 2281 1.
532 2243 862 2292 controversiam5
910 2244 966 2279 ita
1004 2242 1124 2280 etiam
1163 2238 1306 2297 Camp.
1346 2254 1386 2285 et
1424 2247 1539 2287 codd.

94 2311 206 2350 haud
237 2310 384 2360 dubie,
426 2311 497 2363 qui
525 2324 609 2348 non
639 2317 923 2348 memorantur.

208 2378 246 2427 §.
277 2381 344 2417 23.
405 2392 453 2416 ac
483 2377 636 2416 roboris
663 2374 784 2416 Amb.
816 2381 854 2417 1.

208 2448 244 2496 §.
275 2448 343 2484 25.
403 2443 501 2498 quid
540 2460 630 2484 vero
670 2445 814 2484 similes
855 2444 960 2500 quod
997 2455 1039 2484 ut
1068 2448 1189 2486 etiam
1210 2444 1331 2488 Amb.
1357 2454 1398 2489 2.
1428 2448 1539 2491 Flor.

94 2512 231 2554 Turio.
299 2511 394 2565 quid
430 2527 521 2550 vero
560 2515 646 2552 sim..
689 2512 841 2567 quidem
880 2524 922 2552 ut
960 2510 1098 2567 Camp.
1168 2513 1292 2565 Quod
1329 2514 1538 2571 Spalding.

95 2582 278 2634 optabat,
309 2581 389 2629 jam
411 2588 583 2631 praestat
610 2576 732 2621 Amb.
754 2585 817 2622 1.:
862 2581 960 2635 quid
990 2597 1080 2620 vero
1112 2582 1215 2637 quod
1247 2593 1289 2621 ut
1319 2583 1542 2624 dicebamus

95 2648 178 2702 (sic
199 2650 334 2687 nullus
355 2655 558 2700 praeterea
587 2646 703 2702 cod.)
735 2651 820 2688 sim.
849 2666 935 2704 pos.
1042 2649 1221 2705 Iuppiter·
1251 2649 1372 2691 Goth.
1401 2651 1510 2693 Jens.

206 2719 244 2768 §.
274 2719 341 2756 26.
398 2714 608 2768 praedura.
664 2715 784 2770 plura
811 2716 948 2758 Turio.
989 2732 1013 2758 a
1040 2732 1096 2759 m.
1129 2733 1206 2759 sec.
1237 2717 1356 2760 BodJ.
1387 2718 1535 2761 Baliol.
