1775 3091
386 234 439 274 fflz
469 233 632 287 Quintil.
660 233 790 276 lustu.
825 232 880 283 V,
920 239 986 277 ιο.
1027 234 1062 286 ς.
1091 235 1288 274 26—33.
1470 232 1553 271 255

119 348 308 388 vitiosum
337 363 419 388 esse
448 348 616 388 editores
645 349 761 389 facile
792 349 972 402 probant.
989 396 997 403 .
1032 344 1232 401 Equidem
1253 341 1422 383 emendo
1440 341 1554 392 Pius,

117 416 229 469 quod
265 430 489 469 cognomen
528 416 666 455 datum
701 425 759 457 est
795 413 849 466 Q.
889 413 1054 454 Metello
1094 413 1300 454 Numidici
1336 413 1432 452 filio.
1485 406 1553 448 Cf.

117 482 266 534 Vellej.
287 481 340 534 Π,
364 482 459 534 15.]
574 485 721 537 conjur.
752 481 866 536 quod.
924 481 1047 522 Amb.
1074 487 1112 521 1.
1152 483 1268 520 inser.
1300 477 1430 518 attulit
1459 493 1557 517 cau-

118 566 217 590 sam.
329 553 634 604 aruspicumque.
692 548 813 589 Amb.
841 554 879 590 1.
911 552 1143 603 aruspicum.
1199 546 1336 588 Turio.
1367 545 1558 598 haruspi-

119 634 284 671 ccmque.
342 617 471 658 Amb.
490 623 530 656 2.
560 631 719 671 quoque
750 617 1081 671 haruspicumque.
1195 614 1387 655 credebat.
1444 611 1553 653 Flor.

117 699 279 739 quoque
309 684 472 723 ‹lic-ebat.
535 683 627 737 [De
663 685 862 724 scribendi
891 687 1044 723 ratione
1074 685 1247 723 nominis
1275 680 1409 721 Sullae
1435 679 1558 734 Spal-

118 752 229 804 ding.
261 754 430 791 conferri
457 754 618 802 jubebat
646 750 847 791 Beckium
876 751 927 790 ad
951 750 1034 791 Cio.
1057 750 1170 792 Orat.
1189 766 1229 803 p.
1251 748 1365 790 Sulla
1384 764 1425 803 Ρ.
1450 750 1555 799 1053

117 820 215 859 item
243 821 432 872 putabat,
487 820 596 874 quod
624 817 741 870 VIII,
767 825 806 870 3,
831 824 881 860 32
911 822 1004 858 satis
1033 827 1261 859 constanter
1288 818 1433 871 legitur
1461 814 1558 856 Sul-

117 884 274 937 latur-it,
313 887 524 926 defendere
553 903 642 928 eam
670 885 948 940 scripturam]

232 979 269 1030 §.
302 981 369 1017 31.
428 976 528 1015 illud
557 977 672 1030 apud.
731 975 839 1017 Jens.
870 973 969 1016 Loc.
1002 974 1111 1015 Ven.
1139 976 1277 1013 insert.
1306 983 1404 1024 erat,
1454 971 1557 1014 Ald-

118 1042 223 1084 Bad.
256 1055 331 1092 cst,
365 1042 517 1084 Cen-ic.
552 1044 682 1085 Colin.
705 1042 860 1099 Gryph.
893 1053 1015 1083 extat.
1103 1041 1321 1098 frigidum.
1368 1039 1496 1086 Amb.
1516 1045 1555 1080 1.

118 1110 226 1151 Flor.
255 1127 277 1150 a
305 1127 365 1165 pr.
395 1127 451 1152 m.
477 1111 667 1167 frigium.
781 1112 999 1167 Polynicis.
1054 1109 1190 1150 Turio.
1222 1108 1360 1162 Camp.
1395 1107 1560 1162 pollini-

120 1180 193 1220 cis.
306 1195 392 1231 arg.
427 1194 525 1218 mor.
544 1178 611 1233 fr·
638 1181 714 1220 inc.
770 1178 878 1220 Jens.
924 1178 1044 1218 Tarv.
1086 1193 1172 1230 arg.
1193 1175 1260 1235 fi²
1297 1187 1440 1216 motum
1478 1178 1559 1217 inc.

118 1243 220 1286 Loc.
241 1254 279 1284 et
297 1247 386 1285 edd.
412 1255 502 1286 ante
523 1244 676 1300 Gryph.
697 1263 783 1299 arg.
795 1246 860 1303 fr.
882 1261 1032 1285 morum
1053 1247 1128 1285 inc.
1211 1243 1409 1285 Jocorum.
1446 1242 1559 1285 Flor-

119 1312 231 1354 Sich.
265 1329 425 1368 quoque
455 1313 640 1353 locorum.
726 1326 866 1355 tamen.
919 1313 1057 1366 Camp.
1080 1323 1160 1351 iam
1190 1323 1237 1352 et.
1295 1311 1405 1356 Jens.
1432 1310 1556 1353 Tarv.

119 1378 219 1421 Loc.
243 1379 351 1421 Ven.
373 1380 476 1422 Bad.
508 1391 545 1420 et
563 1385 649 1422 rell.
680 1392 771 1422 ante
791 1381 918 1423 Stoer.
934 1396 1047 1420 meae
1069 1383 1182 1421 enim.
1286 1390 1373 1420 sunt
1395 1389 1463 1420 aut
1480 1378 1556 1420 his.

118 1446 246 1490 Amb.
271 1453 308 1489 1.
338 1460 425 1487 sunt
457 1448 549 1504 (sed
571 1465 649 1489 sec.
673 1449 758 1503 m.)
790 1459 918 1488 autem
936 1449 1010 1489 his.
1062 1448 1201 1501 Camp.
1232 1457 1318 1486 cunt
1346 1457 1459 1501 atque
1484 1446 1558 1487 his.

203 1515 338 1571 Neque
367 1519 478 1557 enim.
538 1516 605 1556 Sic
636 1519 754 1556 etiam
784 1514 911 1557 Amb.
947 1522 984 1556 1.
1027 1514 1138 1556 Sich.
1254 1513 1317 1554 vel
1342 1514 1419 1556 hac
1447 1516 1486 1553 in
1512 1531 1559 1569 p.

117 1581 228 1623 Jeus.
270 1592 309 1622 et
350 1585 441 1624 edd.
482 1594 574 1623 ante
613 1583 723 1624 Sioh.
755 1584 819 1623 vel
845 1587 884 1622 in
915 1584 990 1622 hac
1014 1601 1055 1638 p.
1167 1582 1296 1638 plura.
1355 1581 1484 1624 Amb.
1517 1587 1559 1624 1.

118 1649 256 1689 Turio.
285 1649 393 1690 Flor.
422 1666 444 1690 a
463 1667 523 1704 pr.
548 1666 605 1691 m.
635 1654 838 1691 omittunt.
899 1650 1135 1705 [Spalding.
1168 1661 1287 1690 notae
1317 1666 1430 1704 exeg.
1463 1666 1559 1691 suae

119 1717 220 1757 haec
253 1718 426 1758 addidit:
466 1717 530 1757 De
558 1717 750 1771 Euripide
773 1721 908 1759 confer
926 1721 1045 1757 etiam
1064 1717 1309 1758 Valckenar.
1330 1720 1381 1757 ad
1400 1718 1560 1760 Phoen-

122 1789 175 1825 12
206 1793 245 1824 et
272 1786 317 1822 in
349 1786 505 1825 diatrib.
536 1801 576 1838 p.
614 1790 690 1838 623
744 1786 792 1824 de
821 1793 905 1825 tota
945 1800 987 1824 re
1016 1783 1246 1825 Victorium
1276 1784 1396 1826 Van.
1426 1784 1559 1827 Lectt.

115 1854 208 1892 libr.
239 1857 292 1891 36
322 1866 412 1905 pag.
447 1853 598 1906 1003.]

233 1942 270 1992 §.
304 1946 370 1982 32.
430 1941 574 1994 Quare.
633 1941 770 1984 Turio.
810 1957 832 1982 a
859 1958 919 1997 pr.
952 1958 1009 1984 m.
1049 1942 1232 1998 quaclere.
1344 1943 1421 1986 Per
1447 1960 1560 2000 quac.

122 2009 262 2063 Camp.
291 2026 362 2064 per
390 2026 510 2065 quem.

235 2103 269 2152 §.
301 2104 368 2139 33.
426 2099 643 2140 Ducuntur.
701 2097 837 2140 Tusic.
867 2114 890 2141 a
911 2115 970 2153 pr.
991 2114 1048 2141 m.
1073 2100 1266 2142 dicuntur.
1381 2117 1561 2156 quarum.

123 2166 191 2208 Sic
221 2169 342 2206 etiam
369 2164 498 2208 Amb.
526 2172 563 2208 1.
593 2166 702 2208 Flor.
786 2170 990 2208 materiam
1010 2192 1065 2201 —-
1082 2171 1387 2209 nominaverunt.
1429 2168 1560 2211 Amb.

125 2239 164 2274 1.
192 2236 391 2274 materiem
428 2252 542 2289 quam
579 2234 737 2290 quidam
770 2230 835 2274 ὖλ.
873 2233 946 2274 alii
982 2235 1070 2276 δυν.
1109 2252 1210 2276 nom.
1268 2235 1406 2279 Turio.
1434 2247 1562 2277 mater

123 2312 320 2355 tamquam
349 2301 443 2357 ylen
484 2302 559 2342 alii
599 2303 767 2342 dinamis
800 2300 857 2342 ali
893 2305 1050 2342 nomina
1076 2314 1240 2345 vertunt.
1299 2303 1405 2345 Flor.
1435 2315 1563 2345 mater

124 2379 323 2423 tamquam
359 2365 423 2409 ὖλ.
461 2369 535 2410 alii
565 2371 652 2411 δυν.
684 2385 786 2410 nom.
897 2381 1089 2411 versatur.
1146 2369 1274 2413 Amb.
1309 2376 1350 2414 1.
1379 2375 1560 2420 vertitur,

123 2436 195 2476 sed
222 2438 366 2490 partim
394 2451 416 2475 a
435 2452 513 2477 sec.
535 2454 606 2488 m.‚
648 2437 787 2479 Turio.
819 2451 842 2477 a
860 2453 916 2492 pr.
935 2453 987 2477 m.
1016 2448 1200 2478 versetur.
1297 2440 1562 2479 conservatio-

124 2521 224 2546 nem.
280 2503 418 2545 Turio.
440 2502 546 2544 Flor.
568 2502 687 2546 Voss.
712 2510 749 2546 1.
773 2510 809 2545 3.
842 2507 1178 2545 conversationem.
1265 2522 1387 2547 usum.
1416 2504 1560 2560 Camp-

127 2571 176 2610 V
172 2588 250 2627 syr.
351 2570 555 2611 malorum.
614 2571 750 2613 Turio.
783 2587 805 2611 a
825 2588 885 2626 pr.
904 2588 959 2613 m.
990 2575 1196 2626 majorum.
1292 2575 1441 2613 immin.
1463 2572 1562 2612 tole·-

127 2642 318 2690 matiam,
361 2655 457 2694 quae
476 2649 511 2677 et
531 2641 584 2679 in.
641 2638 768 2682 Amb.
799 2645 838 2680 1.
869 2643 970 2680 imm.
1001 2639 1069 2680 iol.
1101 2657 1267 2696 quaeque
1295 2651 1330 2679 et
1359 2642 1411 2681 in.
1457 2639 1562 2681 Flor-

126 2719 151 2746 a
177 2722 237 2761 pr.
269 2721 324 2749 m.
354 2708 458 2748 imm.
489 2705 630 2747 tulerat
658 2724 773 2763 neque
801 2718 836 2748 et
862 2709 939 2762 im,
977 2723 1055 2749 sec.
1085 2723 1142 2750 m.
1172 2709 1325 2750 accedit
1354 2706 1485 2750 Guelf.
