1804 3091
1486 241 1547 273 λῑ

113 340 366 382 concordare
397 351 436 379 ν.
469 353 504 379 c.
527 336 600 379 lib.
629 337 661 385 l,
686 340 725 386 5,
747 342 800 378 22
833 338 904 379 ubi
935 335 1207 392 Spaldingius
1236 343 1282 377 n!
1312 347 1409 378 :inte
1439 340 1556 380 viole-

113 421 216 461 licet
247 419 382 459 omitti
418 419 565 472 jussit3
609 417 651 465 l,
682 420 734 465 6,
765 420 819 457 45
861 418 933 458 ubi
963 418 1194 471 loquamur
1225 431 1299 470 pro
1327 418 1559 472 loquuntur

113 497 380 539 scribendum
410 499 595 544 censuit3
633 495 705 537 lib.
740 496 801 537 lV
834 499 923 537 init.
955 509 1065 537 nova
1096 509 1169 549 pro
1200 509 1360 546 norme,-
1406 495 1482 546 lv,
1518 501 1557 546 l,

111 582 164 618 28
195 590 362 618 reorum
392 591 466 632 pro
497 589 663 624 eornm,·
696 574 774 624 lv,
795 579 835 624 2,
868 579 919 615 28
951 575 1115 640 (αἰθρία
1146 589 1219 629 pro
1251 575 1464 626 qffeclnm
1500 575 1557 616 vl

112 670 297 710 prooem.
319 659 345 697 6
377 654 450 697 ubi
479 654 654 696 verbum
686 654 935 695 oblectabar
965 652 1188 694 delendum
1214 654 1444 707 judicavit;
1477 654 1556 703 VI,

115 739 152 784 1,
185 738 236 775 25
268 735 341 775 ubi
370 736 443 777 illa·
472 748 546 790 pro
580 735 654 774 e‘lle
685 735 890 788 conjecit3
928 732 999 783 Vl,
1032 738 1072 782 2,
1105 737 1129 774 8
1161 733 1273 788 qnod
1299 748 1374 789 pro
1409 748 1557 789 qnam,-

113 812 199 864 VI,
229 817 279 865 3,
310 817 362 856 32
395 818 462 856 acc
491 827 566 869 pro
597 813 680 862 ad,·
735 812 836 854 Vlll
878 827 1062 867 prooem.
1098 816 1147 853 18
1182 812 1350 853 decores
1380 817 1456 868 quc·
1482 828 1557 868 pro

113 893 248 947 qnod,
282 891 461 949 aliisque
496 891 625 943 locis,
665 901 711 933 nt
750 902 874 947 puto,
929 890 1144 947 pluribus,
1186 906 1290 947 quos
1329 906 1442 933 nunc
1472 906 1557 932 non

112 973 335 1027 investigo.
395 970 516 1021 Quae
555 971 599 1011 in
642 986 772 1012 unum
812 973 874 1013 sic
912 980 1168 1026 congregata
1204 985 1288 1012 non
1329 984 1476 1012 vereor
1505 985 1558 1011 ne

113 1052 181 1091 cni
210 1052 311 1091 artis
340 1052 477 1106 perito
508 1048 621 1091 levia
650 1051 896 1101 videantur,
948 1052 1018 1104 qui
1058 1050 1219 1099 sciant,
1269 1051 1558 1103 conjecturam

113 1130 171 1170 ita
198 1131 345 1170 merito
376 1142 582 1184 quamque
611 1127 830 1168 meliorem
860 1128 1115 1176 existimari,
1143 1141 1226 1183 quo
1251 1130 1386 1182 magis
1415 1130 1559 1183 singu-

111 1206 247 1249 larum
287 1222 419 1263 paene
458 1206 692 1249 litterarum
736 1207 886 1248 ductus
918 1215 1081 1247 servet:
1136 1208 1319 1261 imperiti
1358 1209 1559 1262 cogitent,

112 1288 392 1327 maximarum
440 1300 581 1328 rerum
622 1287 866 1327 discrimina
905 1286 1153 1340 saepissime
1198 1299 1284 1326 non
1323 1287 1368 1326 in
1406 1284 1559 1327 litteris

112 1367 253 1415 modo,
286 1367 359 1407 sed
390 1369 433 1408 in
464 1365 656 1420 apicibus
684 1368 813 1406 etiam
842 1365 970 1414 verti,
1002 1365 1123 1418 cujus
1147 1365 1209 1404 rei
1227 1363 1559 1406 illustrissimum

112 1442 351 1499 exemplum
390 1460 465 1500 pro
506 1453 628 1500 captu
666 1459 744 1485 suo
773 1452 1030 1500 cognoscant
1068 1444 1177 1498 apud
1207 1443 1474 1484 Perizonium
1514 1446 1557 1484 in

113 1525 426 1565 commentariis
457 1523 671 1565 historicis
711 1539 749 1579 p.
772 1527 867 1566 374.
960 1521 1051 1565 Nos
1090 1532 1253 1574 autem,
1296 1524 1408 1578 quod
1445 1538 1559 1564 nunc

113 1602 284 1657 quidem
309 1604 519 1658 agendum
551 1603 643 1653 fuit,
673 1604 775 1643 satis
802 1604 893 1657 jam
923 1611 1117 1658 putamus
1146 1602 1415 1643 manifestum
1447 1617 1559 1653 esse,

113 1682 301 1722 codicem
340 1681 717 1723 Ambrosianuml
755 1697 840 1723 non
878 1684 1048 1737 propria
1086 1682 1211 1722 modo
1252 1681 1441 1722 bonitate
1483 1696 1561 1722 sua

114 1758 338 1814 plurimum
380 1760 572 1800 conferre
613 1762 666 1801 ad
709 1762 1047 1802 emendationem
1086 1769 1226 1801 textus
1267 1758 1560 1809 Quintilianei,

115 1839 189 1878 sed
219 1841 345 1879 etiam
370 1836 547 1880 multum
579 1840 795 1893 prodesse,
825 1848 872 1879 nt
904 1838 1160 1894 reliquorum
1191 1840 1381 1880 codicum
1412 1847 1560 1880 natura

116 1925 156 1956 et
186 1918 411 1957 auctoritas
443 1926 652 1972 appareat.

228 2073 337 2115 Nam
376 2089 469 2116 cum
510 2076 668 2130 primae
707 2075 856 2117 classis
887 2075 1092 2117 librorum
1126 2075 1207 2117 hoc
1238 2078 1293 2118 sit
1323 2078 1557 2132 ingenium,

114 2163 161 2195 ut
190 2153 346 2194 bonum
375 2153 544 2210 aliquod
575 2163 616 2194 et
645 2156 933 2210 incorruptum
954 2154 1170 2211 exemplar
1190 2155 1306 2197 fideli
1326 2158 1558 2212 proposito,
1617 2156 1621 2158 ⁷

114 2234 189 2274 sed
219 2234 421 2275 mendosa
459 2232 749 2274 imbecillitate
779 2236 912 2275 secuti
954 2235 1199 2285 rideantur,
1250 2236 1377 2289 (unde
1404 2235 1475 2285 fit,
1516 2244 1559 2276 ut

117 2311 221 2352 haec
262 2311 405 2367 culpa,
456 2313 546 2353 sive
590 2322 899 2368 postremorum
938 2315 1029 2353 sive
1067 2315 1252 2368 priorum
1289 2313 1559 2355 librariorum

118 2400 203 2441 est,
260 2390 502 2445 frequenter
552 2393 786 2432 certissimo
832 2394 1020 2434 remedio
1073 2392 1346 2434 Ambrosiani
1400 2394 1560 2434 codicis

121 2468 250 2510 multo
290 2469 589 2511 emendatioris
629 2472 786 2526 corrigi
826 2472 998 2526 possit,)
1038 2470 1170 2512 altera
1210 2471 1357 2513 classis
1389 2471 1442 2513 ab
1474 2471 1558 2513 alio

119 2548 281 2589 videtur
322 2547 735 2603 vetere·exemplari
775 2558 869 2591 orta
909 2564 1029 2601 esse,
1078 2559 1217 2591 cetera
1265 2552 1432 2605 quidem
1473 2566 1556 2592 non

119 2625 314 2667 dissimili
360 2624 475 2666 illius
514 2628 691 2681 prioris,
733 2629 807 2670 sed
851 2638 893 2670 et
931 2631 1070 2671 minus
1100 2638 1295 2670 accurate
1332 2632 1485 2686 scripto
1516 2640 1558 2672 et

121 2705 261 2747 multis
294 2704 401 2747 locis
432 2706 522 2760 jam
561 2705 662 2749 olim
694 2708 746 2749 ad
775 2707 912 2750 levem
941 2707 1321 2750 verisimilitudinis
1351 2711 1557 2751 rationem
