1775 3091
379 231 433 272 acl
462 231 624 286 Quintil.
655 230 786 272 Instit.
823 230 887 285 V,
917 236 957 273 7.
990 229 1028 286 ς.
1060 235 1167 274 17-
1185 237 1254 274 26.
1452 237 1531 277 241

93 341 210 383 Voss.
239 349 276 385 3.
316 348 506 386 omittunt
538 356 585 387 et.
708 344 945 387 eliciendum.
1011 343 1137 388 Amb.
1179 351 1213 386 1.
1253 344 1388 387 Turic.
1427 346 1532 390 Flor.

94 409 235 465 camp.
268 411 494 466 eligendum.
802 426 805 428 '

204 481 239 530 §.
269 486 334 520 21.
392 481 465 521 kae
494 497 652 536 quoque.
709 479 843 520 Tul-ic.
874 478 980 519 Flor.
1011 479 1123 521 Ahn.
1148 479 1244 519 Ῑιαεο
1262 496 1418 534 quoque.

84 557 233 600 postea.
291 545 410 588 Goth.
429 565 565 601 poena.
677 549 859 586 oratoris.
917 546 1056 600 (amp.
1091 546 1240 588 Cervic.
1271 545 1400 588 Colin.
1423 562 1527 603 quo-

89 627 167 666 que
197 618 450 656 accusatoris.

178 681 235 730 §.
273 687 340 722 22.
403 693 669 735 patronorum.
737 680 872 722 Guelf.
900 680 1025 723 Amb.
1056 687 1091 721 2.
1118 692 1335 735 patronum.
1403 682 1526 726 Goth.

86 743 203 786 Voss.
227 753 264 788 2.
289 754 462 801 patroni.
560 753 597 789 ἰη
615 761 730 805 parte
746 775 802 780 —
823 750 1056 804 expeditior.
1112 748 1222 789 Haec
1247 753 1380 790 omnia
1402 755 1526 792 omit-

83 815 134 853 tit
152 813 286 856 Turitx.
331 819 462 856 interr.
485 829 538 856 cst
565 834 639 857 om.
670 818 798 860 Amb.
826 823 858 857 1.
921 821 957 857 in
977 827 1091 871 par-te
1109 831 1185 856 om.
1205 816 1310 858 Flor.
1356 821 1395 857 in
1410 830 1525 873 parte

83 904 140 912 —-
168 884 300 922 interr.
321 896 375 923 cst
406 889 533 925 omitt.
558 886 670 927 Alm.
735 885 836 939 quod
857 902 948 925 rar-o
967 908 1023 915 —
1043 884 1263 938 eoepcclitior
1282 900 1362 925 om.
1385 884 1523 940 Camp.

169 951 478 1005 interrogandus.
557 953 653 994 Ald.
694 951 1023 1005 interrogandum.
1154 961 1219 989 est.
1284 951 1392 994 Jens.
1424 951 1524 996 Loc.

83 1016 186 1056 Ven.
208 1020 272 1058 sit.
386 1020 482 1074 quid
513 1020 600 1060 dix.
656 1020 761 1060 Jens.
787 1018 883 1058 Loc.
908 1019 1016 1059 Ven.
1037 1018 1138 1073 quod
1159 1018 1194 1056 d,

197 1087 232 1137 §.
271 1092 337 1127 23.
406 1087 507 1141 quod
534 1090 573 1126 ιή
603 1104 658 1127 eo.
723 1086 788 1127 Sic
819 1089 938 1125 etiam
972 1085 1077 1125 Flor.
1107 1084 1196 1125 Par.
1232 1090 1266 1126 1.
1295 1092 1334 1126 2.
1364 1091 1402 1127 3.
1460 1086 1524 1129 At

82 1149 210 1192 Amb.
236 1158 271 1194 1.
291 1169 368 1194 om.
390 1155 503 1208 quod.
619 1171 713 1194 cura.
737 1165 783 1194 ct.
843 1152 977 1192 Turio.
995 1153 1027 1192 F
1030 1156 1101 1192 lor.
1114 1184 1124 1203 ,
1163 1162 1330 1207 uterque
1351 1168 1372 1191 a
1391 1169 1447 1206 pr.
1467 1170 1522 1196 m.

83 1230 210 1262 curat.
278 1221 412 1263 Turio.
453 1239 476 1263 a
507 1239 584 1264 sec.
612 1239 665 1263 m.
694 1232 812 1262 curet.
945 1237 1041 1274 quas
1085 1230 1120 1258 et
1161 1220 1261 1274 quib.
1325 1218 1454 1261 Amb.
1485 1227 1522 1263 1.

81 1284 214 1327 Turio.
236 1306 311 1343 qua
328 1291 478 1344 quibus.
594 1307 648 1330 em
671 1292 810 1329 causis.
870 1285 1005 1327 Guelf.
1032 1285 1156 1328 Amb.
1179 1293 1215 1328 2.
1237 1290 1428 1329 omittunt
1454 1304 1522 1331 ex.

80 1356 195 1395 Voss.
237 1361 269 1395 1.
301 1362 337 1398 3.
376 1358 473 1398 haec
504 1362 638 1398 omnia
668 1361 868 1397 omittunt.
983 1353 1215 1394 amolienda.
1281 1354 1385 1395 Jens.
1421 1354 1521 1398 Loc.

78 1423 185 1462 ven.
215 1423 467 1467 admonenda.
581 1425 793 1480 (inficietur.
851 1421 977 1465 Amb.
1002 1426 1039 1461 1.
1069 1420 1173 1461 Flor·
1207 1421 1297 1462 Par.
1320 1427 1355 1463 1.
1376 1423 1519 1463 itidem

79 1487 241 1543 dtficiet.

189 1558 224 1609 §.
254 1560 321 1600 24.
379 1558 546 1599 laedant.
607 1557 740 1599 Guelf.
763 1556 904 1611 legant.
952 1555 1092 1608 Camp.
1121 1554 1237 1594 ledat.
1328 1572 1402 1610 pro
1425 1572 1520 1597 con-

77 1623 233 1666 ditione.
292 1626 428 1681 Camp.
456 1627 714 1682 prodictione.
827 1623 917 1664 illa.
974 1622 1110 1663 Turio.
1143 1638 1165 1661 a
1197 1638 1272 1663 sec.
1295 1638 1349 1663 m.
1377 1623 1517 1678 Camp.

75 1691 180 1733 illas.
266 1712 362 1748 quae
378 1712 511 1750 snpra.
557 1694 693 1734 Turio.
713 1691 855 1745 Camp.
876 1707 972 1745 quas
991 1707 1022 1730 s,
1110 1689 1338 1743 responderi.
1378 1689 1516 1732 Turio.

76 1775 99 1799 a
119 1776 177 1813 pr.
198 1776 252 1801 m.
271 1761 376 1802 Flor.
405 1762 519 1802 Alm.
543 1760 779 1814 respondere.
883 1757 990 1796 solet.
1048 1755 1157 1796 Jens.
1185 1753 1283 1795 Loc.
1313 1759 1416 1796 Ven.
1444 1773 1514 1797 so-

74 1825 165 1866 lent.
249 1828 512 1882 simplicitate.
573 1826 695 1868 Goth.
716 1829 829 1868 Voss.
848 1831 887 1866 2.
908 1822 1146 1877 simpliciter.
1223 1824 1386 1876 possint.
1442 1822 1512 1864 Sic

75 1897 197 1933 etiam
224 1894 311 1935 Par.
336 1902 372 1936 1.
392 1902 430 1937 2.

187 1963 222 2014 §.
249 1967 312 2004 25.
373 1962 420 2002 V
417 1980 533 2003 erum.
588 1962 724 2003 Turio.
753 1959 857 2000 Flor.
877 1960 1004 1997 omitt.
1060 1952 1185 1997 Amb.
1207 1959 1244 1995 1.
1270 1971 1372 1996 vero.
1465 1967 1508 1997 ut

74 2046 212 2069 exora.
272 2030 396 2071 Amb.
418 2036 455 2070 1.
490 2041 557 2070 aut
592 2046 731 2068 exorn.
844 2027 902 2064 ita
927 2023 1042 2063 destr.
1101 2021 1228 2064 Amb.
1257 2027 1290 2062 1.
1321 2040 1347 2062 α
1375 2021 1507 2074 desim,

73 2112 98 2136 a
118 2113 194 2137 sec.
213 2113 267 2137 m.
285 2107 308 2136 ῐι
342 2098 458 2139 destr.
571 2098 774 2150 contingit.
832 2092 959 2135 Amb.
991 2096 1025 2130 1.
1060 2092 1232 2142 contigit.
1345 2092 1510 2135 αοέίοηε.

72 2163 211 2217 Camp.
234 2168 434 2206 actionem.
547 2168 596 2205 iis
617 2176 728 2218 temp.
786 2161 918 2203 Guelf.
948 2157 1083 2210 Camp.
1104 2155 1214 2197 Sich.
1234 2154 1294 2194 his
1312 2166 1421 2211 temp.

74 2248 149 2270 non
165 2236 338 2289 postfin.
396 2234 464 2275 Sic
486 2236 606 2273 etiam
626 2232 732 2271 Flor.
755 2229 878 2272 Amb.
899 2232 934 2268 2.
955 2225 1045 2266 Par.
1069 2228 1106 2263 1.
1129 2230 1168 2264 2.
1212 2221 1294 2263 Sed
1316 2221 1438 2264 Amb.
1467 2229 1504 2265 1.

73 2315 149 2337 non
175 2311 312 2352 potest.
420 2312 455 2340 et
470 2300 655 2357 facilius·
715 2295 841 2338 Amb.
865 2299 900 2334 1.
926 2292 1032 2333 Flor.
1061 2305 1151 2330 cum
1181 2289 1278 2331 Ald.
1311 2294 1437 2332 omitt.
1455 2302 1504 2333 et.

73 2364 201 2408 Amb.
223 2374 261 2408 2.
282 2384 438 2423 quoque
456 2368 599 2425 utfac.

183 2437 219 2486 §.
250 2440 313 2474 26.
372 2433 654 2488 interrogandi.
710 2429 836 2472 Amb.
865 2433 901 2469 1.
931 2425 1066 2467 Turio.
1095 2422 1229 2476 Camp.
1261 2426 1375 2464 Voss.
1408 2429 1441 2464 1.
1465 2429 1501 2466 3.

72 2501 379 2554 interrogandae.
495 2503 630 2555 longus
665 2497 856 2553 protrahi.
919 2493 1046 2536 Amb.
1074 2496 1106 2531 1·
1148 2493 1268 2529 etiam
1295 2505 1316 2528 ἃ
1343 2505 1418 2530 580-
1446 2505 1524 2542 1¹10,

71 2568 227 2623 longum
244 2587 297 2624 μ’
343 2586 365 2610 a
381 2586 441 2624 pr,
460 2585 514 2610 m,
539 2569 664 2609 locum
688 2583 727 2620 p.
785 2563 910 2605 Amb.
927 2568 967 2603 2.
995 2569 1208 2611 utrumque
1237 2559 1401 2596 verbum
1422 2572 1500 2599 om.

160 2647 366 2692 tamquam.
424 2637 547 2679 Amb.
572 2641 608 2676 1.
636 2634 742 2674 Flor.
771 2647 794 2671 a
823 2647 878 2685 pr.
900 2645 954 2670 m.
984 2630 1104 2667 etiam
1123 2625 1234 2679 quasi
1245 2626 1342 2676 jam.
1424 2626 1502 2663 ini-

72 2707 204 2744 micus.
260 2705 365 2746 Flor.
395 2720 417 2746 a
443 2721 499 2759 pr.
525 2719 579 2743 m.
614 2702 801 2742 inimicos.
909 2695 972 2736 vel
995 2711 1081 2734 ηοη.
1133 2691 1240 2732 Flor.
1272 2704 1432 2745 quoque
1461 2702 1500 2732 et

120 2772 214 2809 Tom,
265 2773 308 2806 V·
1007 2760 1046 2814 Q
