1775 3091
157 238 238 277 332
592 232 699 288 Supp
705 232 864 272 lementa
892 232 1153 272 annotationis

270 346 305 396 §.
337 350 404 386 33.
461 346 672 402 superbum.
728 343 852 384 Amb.
884 349 918 384 1,
955 345 1162 398 superbus,
1206 346 1314 399 prius
1351 346 1512 384 fortasse
1551 351 1599 384 ut

157 413 217 452 ed.
329 425 507 468 iempore.
567 412 635 452 Sic
664 414 784 451 etiam
809 411 917 452 Sich.
1032 422 1067 451 et
1097 412 1220 452 domo.
1267 411 1377 453 Flor.
1409 415 1530 452 etiam
1552 426 1598 450 ne

156 480 192 519 cl.
306 498 355 521 ac
384 492 507 521 notae.
563 479 699 519 Turio.
734 495 756 519 a
783 496 839 533 pr.
868 495 925 519 m.
954 479 1060 520 Flor.
1090 496 1138 520 ac
1170 491 1294 521 nocte.

268 550 303 600 ξ.
335 551 397 588 34.
456 547 509 586 acl
541 546 683 588 orandi
709 546 813 603 fere.
870 546 973 589 Flor.
1011 552 1131 588 etiam
1161 549 1214 588 acl
1240 564 1352 589 oram
1367 546 1414 604 f
1472 544 1599 586 Amb.

158 621 195 656 1.
225 615 279 655 ad
299 632 408 656 oram
423 614 532 671 fori.
617 615 797 655 hominis.
838 614 906 655 Sic
936 618 1056 655 etiam
1083 616 1190 659 Flor.
1248 617 1418 655 homines
1436 628 1598 668 quoque

155 682 282 724 Amb.
313 688 351 723 1.
411 699 538 722 omnes
567 681 658 723 Par.
694 687 728 722 1.
842 699 888 721 ne
914 694 993 724 aut.
1048 681 1168 724 Amb.
1205 689 1241 724 1.
1269 683 1375 723 Flor.
1406 684 1600 721 omittunt

154 767 213 792 ne.
330 752 586 805 insequantur.
642 748 769 791 Aan.
797 755 834 791 1.
865 753 1114 805 insequentur.
1171 750 1304 791 Tul-ic.
1333 752 1598 804 insequuntur.

236 816 379 872 plures.
437 816 577 859 Turio.
610 833 633 857 a
661 834 718 871 pr.
747 833 800 856 m.
828 817 965 872 pluris.

269 885 307 935 §.
339 887 406 925 35.
465 885 573 925 dicit.
631 885 754 926 Amb.
787 890 823 926 1.
855 885 977 938 dicet,
1023 886 1132 940 quod
1160 900 1303 927 verum
1334 885 1514 936 videtur,
1553 891 1599 922 ut

153 962 412 1007 praeceptum
439 955 501 993 sit.
615 953 739 993 salva.
797 952 916 994 Amb.
943 958 976 993 1.
1006 952 1150 1005 salita,
1189 956 1350 996 fortasse
1380 954 1488 1006 prius
1517 949 1600 989 sal-

153 1020 225 1062 lia.
340 1020 456 1060 dicet.
514 1019 636 1062 Amb.
663 1027 700 1062 1.
728 1021 836 1061 Flor.
866 1037 1026 1076 quoque
1057 1021 1172 1060 dccet.
1284 1032 1421 1060 autem.
1459 1018 1599 1070 Camp.

154 1099 231 1129 aut.
346 1088 469 1146 diffi'c.
500 1088 575 1129 dic.
634 1089 700 1131 Sic
731 1093 853 1129 etiam
881 1088 1004 1129 Amb.
1037 1094 1072 1129 1.
1101 1088 1207 1129 Flor.
1321 1104 1462 1129 omnes·
1510 1085 1600 1125 TU·-

153 1160 224 1197 rio.
255 1172 277 1196 a
304 1172 360 1210 pr.
385 1172 439 1196 m.
470 1159 607 1197 omnis.
722 1156 999 1198 laborabimus.
1058 1156 1163 1198 Flor.
1192 1156 1437 1206 laboramus,
1478 1169 1501 1194 a
1519 1169 1598 1194 sec.

152 1239 205 1264 m.
236 1224 513 1265 laboravimus.

268 1296 303 1345 §.
336 1297 402 1331 36.
458 1295 547 1331 min.
578 1309 680 1334 num.
737 1292 805 1334 Sic
844 1295 964 1334 etiam
1004 1293 1112 1334 Flor.
1229 1291 1346 1331 dicta.
1404 1289 1543 1330 Tul-Ic.
1576 1305 1599 1329 a

152 1375 230 1400 sec.
259 1375 311 1399 m.
354 1359 482 1400 ducta.
598 1378 673 1400 eae.
733 1361 859 1402 Amb.
895 1367 931 1401 1.
976 1360 1086 1402 Flor.
1126 1376 1284 1415 quoque
1324 1375 1403 1402 cas.
1519 1358 1599 1399 hic.

155 1426 319 1469 Omittit
347 1426 485 1467 Turio.
599 1431 731 1481 ipsius.
787 1428 925 1469 Turic.
967 1444 991 1468 a
1019 1445 1077 1482 pr.
1104 1444 1158 1468 m.
1186 1430 1295 1482 ipsis.

269 1495 303 1546 ᾗ.
335 1498 400 1534 37.
467 1509 522 1533 eae
561 1510 735 1549 corpore.
801 1495 910 1535 Flor.
951 1508 1109 1549 quoque
1150 1497 1189 1533 in
1231 1512 1265 1536 c.
1393 1493 1598 1547 dictisque.

154 1559 275 1603 Amb.
299 1566 336 1601 1.
370 1561 501 1601 dicitis
522 1565 588 1616 qui
619 1562 667 1615 (a
690 1578 766 1602 sec.
788 1577 843 1603 m.
868 1561 974 1616 que).
1089 1577 1143 1600 ex
1165 1562 1237 1601 his.
1290 1560 1429 1615 Camp.
1449 1572 1488 1601 et
1506 1563 1594 1603 edd.

152 1643 266 1669 meae
297 1638 388 1668 ante
419 1628 547 1669 Stoer.
578 1645 632 1668 cx·
661 1632 724 1680 iis,
765 1645 851 1669 exc.
882 1629 994 1669 Sioh.
1107 1629 1234 1671 Intra.
1274 1628 1401 1671 Amb.
1425 1634 1463 1671 1.
1494 1645 1599 1684 quo-

155 1713 233 1752 que
272 1699 380 1736 inter.
494 1712 640 1736 severa.
701 1696 769 1736 Sic
811 1699 932 1736 etiam
972 1696 1080 1736 Flor.
1120 1696 1210 1737 Par.
1247 1702 1284 1737 1.
1315 1703 1354 1737 2.
1480 1698 1600 1740 dicto.

154 1765 279 1807 Amb.
303 1770 340 1804 1.
372 1779 394 1803 a
415 1780 492 1804 sec.
511 1779 567 1804 1n.
597 1763 705 1804 Flor.
737 1763 859 1805 (licta.
977 1775 1044 1804 aut
1073 1776 1142 1804 ost.
1191 1763 1327 1817 Camp.
1358 1776 1483 1804 aufem
1505 1782 1542 1806 ο.

268 1833 304 1884 §.
335 1837 401 1872 38.
459 1843 585 1872 autem
613 1842 655 1871 ut
683 1831 822 1872 oculis.
879 1831 987 1872 Flor.
1019 1847 1100 1873 om.
1131 1842 1194 1884 ut,
1238 1830 1363 1872 Amb.
1392 1838 1431 1874 1.
1461 1845 1599 1874 autem.

236 1901 434 1954 subjicere.
494 1899 631 1940 Turio.
671 1900 850 1939 subicere.
983 1899 1139 1939 Helvio.
1204 1899 1313 1940 Jens.
1353 1904 1473 1940 etiam
1510 1902 1600 1941 He-

154 1967 226 2011 lio,
339 1967 532 2008 Manciae
556 1991 612 1998 ——
640 1967 823 2008 Mancia.
879 1966 1006 2008 Amb.
1040 1973 1078 2008 1.
1116 1967 1224 2008 Flor.
1251 1971 1387 2012 ‚etiam
1424 1974 1602 2025 mancipe

153 2062 212 2071 --
242 2052 436 2090 manceps·
503 2035 613 2075 Sich.
652 2037 826 2089 mancipi
862 2060 919 2067 --
953 2052 1146 2090 manceps.
1251 2036 1342 2075 Jam
1379 2048 1451 2077 ost.
1491 2038 1598 2092 qual.

152 2105 280 2147 Amb.
307 2108 344 2143 1.
375 2103 482 2143 Flor.
514 2107 636 2143 etiam
666 2114 739 2143 ost.
770 2120 805 2158 q.
918 2103 1085 2142 tandem.
1133 2102 1257 2144 Amb.
1284 2112 1322 2145 1.
1353 2108 1514 2146 omittit.

156 2183 265 2212 esset.
321 2169 445 2211 Amb.
481 2175 518 2211 1.
559 2174 717 2211 omittit.
829 2172 869 2211 in
898 2182 1020 2212 scuto.
1081 2170 1218 2212 Turio.
1263 2183 1305 2210 ut
1331 2189 1386 2213 sc.
1499 2170 1600 2214 scut.

158 2239 306 2281 Cimbr.
358 2238 425 2279 Sic
456 2242 579 2278 etiam
606 2237 729 2278 Amb.
748 2243 786 2278 1.
900 2241 1021 2278 circa.
1080 2238 1189 2279 Jens.
1220 2239 1338 2280 Tarv.
1368 2242 1485 2281 citra.

271 2309 306 2359 §.
340 2312 406 2348 39.
468 2305 646 2361 Cepasio.
696 2304 822 2345 Aan.
846 2310 883 2346 1.
912 2308 1103 2361 caepasio.
1188 2317 1256 2346 aut
1276 2307 1342 2349 M.
1392 2306 1460 2348 Sic
1480 2311 1601 2348 etiam

155 2373 283 2416 Amb.
320 2380 358 2414 1.
398 2373 510 2415 Flor.
629 2373 685 2413 D.
742 2371 810 2412 Sic
856 2376 975 2412 etiam
1004 2371 1129 2413 Amb.
1159 2378 1195 2414 1.
1235 2373 1345 2415 Flor.
1457 2375 1601 2416 Laelii.

156 2442 295 2483 Turio.
328 2457 350 2481 a
374 2458 432 2495 pr.
456 2456 510 2482 m.
541 2440 650 2481 Flor.
678 2439 807 2480 Laeli.
925 2440 1178 2496 collegaeque.
1239 2441 1376 2483 Turio.
1408 2458 1430 2482 a
1460 2459 1519 2495 pr.
1541 2458 1599 2483 m.
1664 2465 1666 2467 v

158 2509 333 2563 collegae
371 2526 482 2564 quae.
539 2508 649 2549 Flor.
692 2507 842 2561 collega
879 2525 988 2564 quae.
1111 2511 1152 2547 in
1176 2512 1351 2563 provinc.
1407 2509 1545 2551 Turio.
1577 2524 1600 2550 a

157 2591 236 2617 seo.
260 2593 311 2616 m.
342 2579 479 2617 Guelf.
511 2579 701 2616 omittunt
728 2577 782 2615 in.
894 2575 1035 2632 festiv.
1065 2586 1132 2616 est.
1190 2575 1257 2616 Sic
1288 2580 1410 2617 etiam
1432 2577 1542 2617 Flor.

274 2644 312 2695 §.
341 2644 407 2684 40.
463 2643 650 2683 Fabricii.
697 2642 834 2683 Turio.
867 2656 890 2682 a
917 2658 977 2696 pr.
1003 2658 1059 2683 m.
1089 2643 1263 2684 Fabrici.
1382 2643 1425 2684 G.
1452 2643 1601 2682 Fabri-

162 2711 227 2751 cii.
287 2709 437 2751 Turio-
456 2726 477 2750 a
504 2726 565 2764 pr.
597 2725 652 2751 m.
691 2710 799 2751 Flor.
833 2708 879 2748 G.
910 2709 1085 2751 Fabrici.
1199 2711 1405 2752 ornandae.
1457 2708 1597 2763 Camp.

1764 1005 1768 1050 ἰ

1764 1058 1769 1100 ‘1
