1775 3091
183 227 238 265 46
613 224 886 281 Supplemcnia
929 227 1191 266 annotationis

183 339 308 380 Paris.
336 344 373 380 1.
407 339 547 395 Camp.
579 338 706 380 Andr.
822 350 863 379 ut
879 338 979 396 firo
1008 339 1094 380 iuli.
1153 339 1366 395 Egregiam
1394 342 1628 395 scripturam

182 409 250 447 dat
277 405 397 447 Amb.
422 413 459 449 1.
518 419 559 448 ut
598 407 660 447 illi
684 406 804 463 fero,
855 411 998 448 omisso
1037 406 1131 456 iuli,
1182 409 1291 463 quod
1326 412 1519 463 glossema
1547 414 1627 462 jam

182 474 303 516 Gesn.
333 477 544 528 judicavit3
598 476 738 514 eodem
780 475 912 526 ducit,
965 476 1075 530 quod
1104 474 1241 516 Turio.
1273 492 1297 516 a
1326 493 1386 530 pr.
1418 493 1472 517 m.
1511 475 1624 518 Flor.

181 542 317 584 Guelf.
375 552 663 597 transponunt:
713 541 790 581 tuli
813 542 926 599 fero.
994 540 1165 583 Accedit
1203 547 1324 584 etiam
1364 544 1466 595 hoc,
1518 546 1628 599 quod

178 620 335 662 noster,
380 615 562 666 quotiens
604 613 858 664 exemplum,
913 612 1024 666 quod
1061 614 1252 651 allaturus
1291 621 1371 663 est,
1418 615 1628 652 universae

179 680 342 732 periodo
376 681 497 718 inseri
535 681 699 733 nequit,
747 677 813 716 ille
849 694 998 732 ponere
1033 681 1155 730 solet,
1206 688 1252 719 ut
1282 684 1317 732 §.
1344 685 1408 719 10.
1466 678 1628 719 Deinde

179 746 256 785 iuli
283 761 368 786 non
395 749 485 785 satis
517 755 606 799 apte
636 749 740 785 inter
768 749 914 799 primas
942 749 1156 800 positiones
1182 757 1435 798 numeratur,
1466 748 1514 787 de
1534 749 1629 802 qui-

177 817 250 854 bus
280 823 419 853 tamen
450 816 630 868 loquitur
661 811 806 864 Quint.
867 811 1055 853 Concidit
1093 817 1239 866 igitur,
1285 825 1446 868 recepta
1484 816 1630 868 egi-egii

178 884 322 922 codicis
362 885 578 935 scriptura,
637 880 865 934 Spaldingii
908 883 1146 934 explicatio,
1193 897 1297 935 quae
1332 885 1466 923 nescio
1507 897 1630 937 quem

175 965 349 989 errorem
396 952 599 1000 continet,
655 953 770 1004 quasi
811 951 860 988 ab
896 964 942 987 eo
973 948 1083 1003 quod
1114 957 1171 987 est
1200 947 1277 986 tuli
1305 951 1409 988 ultra
1436 952 1630 1003 praeteri-

175 1027 263 1057 tum
301 1020 523 1070 perfectum
560 1017 667 1056 nihil
702 1019 944 1056 inveniatur.
1006 1015 1060 1054 Et
1090 1015 1250 1054 ulterius
1276 1018 1630 1057 >breviter-dictum

175 1095 233 1124 est
261 1100 332 1138 pro
362 1087 525 1138 reliquis
555 1087 801 1137 temporibus
833 1100 855 1123 a
884 1086 1059 1137 perfecto
1091 1084 1329 1123 derivandis.

173 1170 259 1208 spes
275 1152 380 1206 plur.
407 1150 565 1202 Guelfi,
605 1161 651 1190 nt
673 1150 794 1191 Tarv.
820 1151 927 1191 Ven.
961 1160 1000 1190 et
1029 1152 1118 1191 edd.
1151 1161 1242 1191 ante
1274 1151 1402 1192 Stoer.
1432 1155 1625 1210 reliquae.

259 1230 294 1258 et
317 1236 425 1258 ruere
449 1216 686 1259 etiannAld.
707 1218 818 1259 Sich.
849 1218 938 1259 Par.
962 1224 999 1259 1.
1023 1225 1060 1259 5.
1089 1224 1126 1259 6.
1162 1216 1304 1273 camp.
1337 1228 1376 1258 et
1404 1221 1542 1271 codd.,
1581 1230 1628 1260 ut

172 1288 352 1338 videtur,
394 1289 531 1326 Turio.
564 1286 674 1326 Flor.
779 1297 815 1325 et
843 1289 902 1325 irc
929 1289 1048 1326 etiam
1079 1286 1171 1329 Par.
1203 1294 1244 1328 2.
1287 1287 1384 1342 (qui
1417 1290 1499 1326 fere
1528 1303 1630 1327 con-

173 1359 296 1410 spirat
327 1371 420 1396 eum
447 1353 569 1395 Goth.
603 1363 642 1394 et
672 1353 789 1394 Voss.
814 1353 883 1408 2.)
943 1365 977 1392 ct
1001 1372 1137 1408 urgere
1165 1353 1286 1395 Amb.
1305 1361 1341 1394 1.
1424 1355 1628 1409 patiendi,-

172 1428 228 1464 ita
267 1427 352 1463 sine
394 1425 516 1462 dubio
554 1425 681 1462 nostri
719 1423 834 1462 codd.
875 1437 1037 1474 omne33
1088 1424 1231 1462 diserte
1263 1424 1427 1462 affertur
1457 1422 1568 1464 Flor.

288 1496 323 1544 §.
349 1496 417 1531 27.
455 1501 609 1529 senatus
629 1492 779 1528 senatui
797 1492 922 1528 senati
942 1506 993 1528 αη
1012 1501 1166 1529 senatus
1186 1488 1308 1530 Amb.
1322 1496 1379 1540 2.,
1401 1491 1522 1542 unde,
1543 1494 1627 1531 solo

170 1563 321 1598 senatui
347 1567 572 1612 expuncto,
614 1560 782 1597 efficitur
803 1573 849 1596 ea
871 1560 1086 1610 scriptura,
1128 1574 1248 1613 quam
1284 1557 1423 1610 Spald.
1452 1563 1626 1612 optabat.

170 1627 260 1667 Par.
287 1632 324 1668 6.
347 1637 503 1666 senatus
524 1628 676 1665 senatui
695 1642 746 1664 an
764 1627 890 1664 senati
912 1636 1079 1665 senatus.
1194 1624 1275 1664 vicl.
1301 1625 1381 1663 dici
1407 1625 1517 1666 Flor.

286 1697 319 1749 ξ.
352 1699 421 1735 28.
481 1693 548 1733 Ac
589 1693 636 1732 cle
673 1692 862 1746 analogia
898 1692 962 1732 vel
988 1695 1160 1733 nimium.
1219 1692 1336 1731 Haec
1366 1691 1490 1733 Paris.
1518 1699 1555 1734 1.
1587 1704 1628 1735 et

169 1764 261 1803 edd.
300 1779 323 1802 a
362 1761 502 1815 Camp.
542 1777 670 1816 usque
701 1762 751 1800 ad
780 1760 892 1801 Sich.
955 1760 1021 1800 vel
1048 1763 1175 1800 omitt.
1210 1764 1331 1799 etiam
1359 1758 1480 1801 Amb.
1514 1767 1550 1801 1.
1583 1768 1623 1803 2.

170 1829 310 1870 Turio.
360 1829 472 1869 Flor.
527 1827 668 1882 Camp.
717 1829 807 1868 edd.
849 1838 994 1881 poster.
1040 1837 1131 1868 ante
1182 1826 1336 1881 Gryph.
1453 1831 1624 1871 nimium.

170 1898 301 1953 Etym.
343 1895 482 1937 Turio.
522 1895 645 1936 Paris.
680 1901 718 1936 1.
789 1899 975 1935 nimirum
1014 1896 1190 1952 etymol„
1246 1905 1291 1935 ut
1342 1896 1502 1950 Camp.‚
1555 1901 1627 1952 qui

168 1976 373 2021 praeterea
414 1967 553 2004 inserit
592 1975 641 2004 ct.
777 1980 832 2003 ex
871 1965 1012 2016 verbo,-
1064 1967 1121 2004 ita
1171 1967 1292 2004 etiam
1337 1962 1476 2005 Turio.
1515 1965 1625 2006 Flor.

167 2031 290 2073 Amb.
316 2038 348 2072 1.
380 2030 523 2085 Camp.
641 2041 783 2071 vocant
814 2035 935 2070 etiam
965 2030 1104 2084 Camp.

281 2106 317 2154 ξ.
350 2106 419 2142 29.
476 2117 585 2139 usum
614 2115 695 2139 nec.
729 2098 824 2153 aliq.
855 2098 963 2138 Flor.
1078 2116 1164 2138 cum
1188 2109 1280 2140 ante
1311 2099 1377 2140 M.
1407 2099 1510 2140 Coc-l.
1544 2115 1623 2140 om.

168 2166 290 2208 Amb.
316 2174 352 2208 1.
468 2168 587 2208 (lucta
614 2168 734 2225 fi‘ug·
778 2164 918 2207 Turio.
953 2165 1063 2207 Flor.
1095 2164 1217 2207 Amb.
1242 2173 1278 2206 1.
1322 2167 1461 2220 Camp.
1493 2165 1623 2208 Andr.

167 2235 286 2277 Bodl.
315 2234 426 2276 AJm.

284 2306 316 2359 ξ.
350 2310 417 2344 30.
471 2303 688 2359 aliquando
719 2304 945 2343 cons.servit
965 2304 1086 2341 etiam
1110 2300 1233 2341 I‘aris.
1252 2307 1291 2342 2.
1311 2300 1422 2343 Flor.
1447 2300 1570 2343 Amb.
1586 2308 1623 2343 1.

164 2372 302 2427 (Flor.
338 2382 377 2412 et
409 2375 492 2425 ipse
521 2381 723 2426 receptam
763 2373 992 2423 subjungit,
1041 2378 1088 2409 ut
1128 2367 1294 2423 Turio.)
1352 2370 1509 2425 aliaque
1536 2382 1625 2410 sunt

168 2459 267 2495 quae
298 2458 405 2482 conS.
436 2442 607 2479 serviunt
640 2438 782 2492 Camp.
844 2437 982 2479 Turic.
1023 2453 1047 2477 a
1084 2452 1140 2478 m.
1172 2452 1252 2477 sec.
1312 2435 1437 2478 Paris.
1472 2444 1510 2479 1.
1544 2437 1624 2477 ali-

168 2508 323 2562 quando
367 2507 636 2549 consuetudini
675 2509 795 2546 servit
836 2505 992 2560 aliaque
1032 2523 1130 2560 quae
1168 2508 1399 2546 inserviunt.
1440 2505 1563 2546 Paris.
1597 2509 1622 2546 5

168 2585 369 2628 receptam
418 2585 566 2616 tuetur.
695 2573 968 2628 Tri-quadram
1010 2572 1150 2628 Camp.
1194 2573 1314 2615 Tarv.
1358 2573 1465 2626 Ven.
1516 2571 1617 2613 Obr.

168 2641 304 2682 Turio.
339 2658 361 2682 a
389 2658 444 2682 m.
475 2658 553 2683 sec.
616 2644 851 2696 iriquum-am
879 2641 998 2682 Voss.
1028 2645 1068 2681 2.

285 2711 321 2760 §.
355 2715 420 2751 31.
483 2713 563 2750 sive
595 2709 667 2749 illa
702 2725 769 2750 σω.
829 2712 868 2748 si
891 2707 963 2748 illa
983 2710 1062 2747 sive
1082 2724 1136 2747 cx
1166 2708 1301 2749 TurIC.
1333 2707 1439 2748 Flor.
1475 2706 1616 2759 Camp.
