1775 3091
158 224 212 258 92
589 214 859 270 Supplcmenta
897 216 1157 253 annotationis

157 333 277 372 servis
308 329 353 376 Ρ.
375 328 505 372 Clodii
524 332 652 369 rixam
671 329 973 378 commiserunt,
1014 336 1053 367 et
1071 335 1205 380 postea
1227 326 1475 382 aliquoties]
1512 349 1518 360 ι

158 399 355 439 incumbit.
422 397 592 438 incubuit
629 397 751 435 etiam
787 394 909 437 Paris.
941 400 976 435 1.
1007 401 1044 436 5.
1082 392 1207 434 Amb.
1246 400 1285 435 2.
1328 394 1449 448 (cum
1474 392 1586 434 Voss.

161 471 199 507 1.
225 471 264 507 3.
295 465 446 519 Bern.)

274 546 309 596 ξ.
332 550 369 584 3.
429 542 646 584 creduntur.
694 540 768 580 Est
782 552 907 597 praet.
967 540 1194 582 credendum
1210 551 1278 582 est.
1329 540 1460 580 Praet.
1483 538 1589 579 Flor.

160 628 183 652 a
202 628 261 666 pr.
283 628 335 651 m.
358 611 493 651 Turio.
543 619 598 648 est
620 622 699 648 om.
724 607 862 663 Camp.

273 693 308 743 ᾗ.
341 691 380 729 4.
441 688 571 727 libero.
631 686 766 726 liberto
796 686 933 728 Turio}
957 685 1064 728 Flor.
1096 702 1120 728 a
1146 704 1205 742 pr.
1239 703 1294 728 m·
1410 685 1472 726 vel
1491 703 1590 726 cum.

160 758 262 798 velut
285 775 370 799 cum
387 755 522 797 Turio.
546 757 655 795 Flor.
675 753 790 794 Alm.

276 839 312 889 §.
345 841 382 878 5.
443 833 571 873 dicere
589 835 676 888 ipsi.
736 835 813 888 ipsi
830 833 906 873 dio.
925 833 1031 874 Flor.
1055 832 1175 874 Goth.
1198 847 1289 873 cum
1303 833 1410 874 Jens.
1437 841 1475 871 et
1493 840 1593 888 post,

161 914 252 945 ante
274 903 383 944 Sich.
437 903 513 956 ipsi
533 917 611 943 om.
633 899 767 942 Guelf.
884 900 1091 941 noluissent
1108 900 1270 941 Pottier.
1292 915 1343 941 ex
1359 899 1481 940 Paris.
1506 906 1593 940 1.2.

161 974 220 1026 (is
250 981 306 1012 est
331 968 560 1023 vallensis)
591 972 628 1011 5.
670 971 857 1009 enotavit.
982 968 1092 1008 unde.
1150 966 1211 1007 Ita
1240 966 1404 1021 (lamp-'3
1453 968 1598 1020 reliqui

159 1043 338 1080 sllentur.
464 1053 595 1076 verum
632 1048 668 1076 et
710 1053 802 1077 raro
839 1038 973 1077 evenit.
1042 1052 1121 1076 ver.
1156 1035 1200 1075 nl
1234 1045 1270 1074 et
1301 1051 1391 1074 raro
1422 1035 1601 1089 provenit

163 1107 291 1148 Δῃὼ.
315 1111 352 1146 1.
470 1115 577 1145 certa
593 1106 703 1144 vitia.
762 1104 828 1145 Sic
851 1107 971 1143 etiam
993 1103 1099 1144 Flor.
1123 1104 1246 1144 Amb.
1272 1109 1337 1154 2.;
1379 1105 1499 1142 ceteri
1515 1104 1599 1152 sil„

159 1179 236 1215 nisi
271 1173 380 1229 quod
410 1171 547 1213 Turio.
580 1187 602 1211 a
623 1188 698 1212 seo.
722 1187 775 1211 m.
805 1172 925 1211 habet
954 1182 1054 1211 certe
1079 1189 1145 1219 ea,
1185 1180 1230 1212 ut
1248 1169 1366 1211 Bodl.
1389 1170 1599 1215 Pottierius

162 1258 216 1283 ex
236 1241 360 1283 Paris.
385 1244 421 1280 1.
444 1245 483 1280 2.
510 1244 547 1280 3.
580 1248 619 1279 et
639 1240 719 1279 edit
740 1237 879 1293 Camp.
911 1242 1087 1280 enotavit
1120 1250 1239 1280 certa.

276 1321 312 1371 ᾗ.
346 1323 382 1359 6.
435 1329 469 1358 et
487 1317 633 1358 electio.
691 1328 726 1357 et
745 1333 823 1358 om.
850 1316 989 1371 Camp.
1015 1317 1125 1358 Sich.
1242 1315 1406 1357 docendi
1434 1314 1599 1357 Portier.

161 1391 317 1431 notavit
337 1402 418 1427 esse
447 1389 488 1425 in
508 1385 630 1426 PariS.
655 1391 694 1427 2.
718 1391 755 1426 3.
812 1386 966 1427 dicendi
993 1388 1036 1424 'm
1062 1384 1183 1426 Paris.
1211 1390 1247 1425 1.
1278 1389 1315 1426 5.
1348 1383 1488 1437 Camp.

165 1455 420 1505 intenderint,
464 1453 655 1496 recedunt,
715 1453 912 1493 intendunt
944 1452 1108 1507 Camp„
1149 1462 1193 1492 ut
1221 1455 1380 1493 volebat
1398 1451 1600 1492 Francius.

165 1510 317 1563 {nte-nde
334 1522 448 1563 ΑΒΗ.
472 1519 635 1574 Turic.3
675 1523 719 1559 in
743 1521 819 1560 hoc
845 1523 896 1561 al.
921 1536 975 1562 m.
1001 1536 1099 1562 corr.
1130 1520 1320 1559 intendere
1342 1519 1490 1560 cedunt.

167 1608 242 1648 quo
269 1590 343 1630 vel.
402 1588 507 1644 quod
537 1588 601 1629 vel
628 1592 748 1629 etiam
781 1587 887 1629 Flor.
927 1588 1030 1642 (nisi
1058 1589 1167 1643 quod
1191 1587 1254 1628 vel
1279 1596 1336 1629 est
1364 1601 1386 1626 a
1412 1602 1489 1626 sec.
1521 1583 1604 1641 111.)

164 1659 287 1701 Amb.
315 1663 380 1711 1.;
417 1659 484 1698 hic
514 1660 676 1711 praebet
702 1659 823 1696 etlam
855 1655 991 1710 Spald.
1024 1659 1315 1708 conjectuxam:
1354 1652 1603 1709 permulceat.

166 1727 305 1769 Turio,
329 1725 445 1780 quod.
469 1742 506 1765 u.
570 1724 709 1777 Camp.
735 1723 837 1778 quod
857 1734 909 1762 ut.

279 1806 314 1857 ξ.
347 1809 388 1845 7.
444 1802 562 1858 plane
580 1805 620 1842 in
640 1803 817 1843 tenebris.
875 1802 999 1856 plana
1018 1804 1118 1842 inter
1140 1801 1314 1841 tenebras
1344 1804 1465 1851 etialn
1483 1798 1605 1840 Amb.

165 1881 205 1916 2.
324 1871 431 1914 clare
457 1873 499 1910 in
532 1881 606 1911 ten.
639 1869 745 1909 Flor.
803 1868 927 1911 Porro
959 1872 999 1909 in
1029 1870 1195 1909 tenebris
1224 1885 1304 1909 esse
1339 1871 1384 1908 in
1410 1868 1533 1909 PariS.
1568 1872 1604 1907 1.

168 1942 308 1994 Camp.
374 1942 472 1978 inter
496 1938 670 1978 tenebras
687 1940 730 1976 in
747 1935 870 1979 Paris.
893 1943 932 1980 2.
949 1942 987 1978 5.
1017 1940 1172 1978 notavit
1189 1937 1353 1978 Pottier.
1469 1951 1608 1977 vocen-

166 2020 243 2048 tur.
300 2006 427 2046 vident
455 2005 562 2047 Flor.
594 2021 616 2045 a
638 2021 699 2058 pr.
726 2020 782 2044 m.

280 2089 315 2136 §.
348 2090 386 2126 8.
447 2087 561 2124 etiam
597 2083 808 2123 detrahere.
876 2086 991 2124 etiam
1027 2099 1106 2130 om.
1151 2083 1276 2133 Obr.‚
1332 2098 1416 2122 non
1455 2084 1609 2134 astipul.

167 2154 290 2196 Amb.
326 2159 362 2193 1.
475 2151 700 2192 doctrinam
737 2166 816 2190 om.
849 2149 956 2192 Flor.
988 2166 1011 2190 a
1040 2167 1099 2205 pr.
1128 2167 1183 2192 m.
1307 2149 1608 2205 pras-policrunt,

168 2223 279 2278 quod
298 2237 349 2261 ex
366 2218 461 2260 Ald.
482 2223 684 2274 prolatum
702 2220 853 2274 placuit
869 2217 1009 2259 Busm.
1025 2249 1036 2270 ,
1063 2219 1214 2260 habent
1230 2222 1352 2259 etiam
1370 2217 1394 2258 J
1397 2232 1477 2257 ens.
1500 2216 1608 2256 Ven.

165 2288 413 2346 praepoliunt
441 2276 574 2329 Goth:

283 2360 319 2410 §.
353 2363 391 2399 9.
455 2372 642 2411 pronunc.
713 2358 754 2395 in
779 2369 894 2408 pron.
926 2352 1033 2394 Flor.
1065 2369 1089 2394 a
1115 2370 1192 2394 seo.
1225 2369 1280 2394 m.
1398 2364 1432 2392 et
1467 2353 1609 2393 omnia.

170 2426 224 2466 ad
252 2442 354 2465 omn.
385 2424 523 2466 Turio.
544 2424 652 2465 Flor.
673 2421 782 2463 Alm.
811 2420 940 2461 Palat.
964 2437 1027 2475 ap.
1053 2420 1256 2462 Gebhard.
1280 2421 1421 2475 Camp.
1509 2437 1613 2459 ema*-

168 2495 292 2545 giam.
352 2503 556 2545 emungunt
586 2491 722 2532 Turio.
753 2490 858 2531 Flor.
892 2489 1002 2530 Alm.
1032 2488 1152 2530 Amb.
1187 2495 1221 2528 1.
1252 2505 1275 2528 a
1302 2505 1378 2529 sec.
1409 2504 1491 2537 m.‚
1543 2488 1612 2540 qui

171 2569 371 2612 receptam
388 2560 531 2599 habuit
558 2575 580 2599 a
602 2575 661 2613 pr.
683 2574 738 2599 m.
839 2557 1034 2614 furentes,
1083 2557 1308 2614 frvquentes
1338 2554 1456 2596 Amb.
1481 2560 1515 2593 1.

170 2628 406 2677 jactatione,
432 2638 556 2679 gestu.
609 2629 707 2680 jact.
726 2636 855 2679 gestus
875 2625 1011 2665 Turio.
1031 2624 1136 2665 Flor.
1161 2641 1183 2664 a
1201 2641 1258 2678 pr.
1280 2639 1334 2663 m.
1358 2621 1475 2661 Bodl.
1497 2615 1607 2657 Ahn.

176 2690 320 2731 Jomm.
342 2690 461 2732 Amb.
483 2698 522 2733 2,
554 2692 672 2734 Voss.
696 2699 732 2733 1,
758 2699 797 2734 2.
831 2690 953 2733 Goth.
