1775 3091
496 714 1138 760 CORRIGENDA.

105 851 184 885 pag.
209 842 252 875 25
277 854 365 876 vers.
389 845 409 877 5
436 854 455 876 a
480 855 533 887 pr.
557 844 636 887 lege
664 845 747 877 Tur.
770 853 834 886 pro
862 844 946 875 Tar.

126 918 171 923 —
209 899 250 932 24
298 917 339 924 —
387 899 406 933 5
431 899 474 933 ab
498 903 571 933 imo
599 901 678 945 lege
702 907 736 933 e!
760 903 798 934 K
821 911 885 944 pro
911 904 950 931 ut
974 901 1021 933 K.

128 974 170 979 -—
186 956 251 989 262
299 974 342 980 —-
388 958 409 988 4
433 968 451 989 a
475 967 527 999 pr.
552 957 629 1000 lege
654 964 693 988 ut
717 957 859 1000 quidam
883 966 946 1000 pro
971 962 1006 988 et
1031 954 1184 999 quidam,

128 1030 170 1037 —
188 1024 253 1058 290
302 1030 342 1038 -
390 1016 410 1047 S
435 1026 452 1047 a
480 1025 530 1057 pr.
556 1013 692 1058 arguit.
737 1012 834 1047 Alm.
861 1011 986 1056 Camp.
1011 1017 1153 1056 arguet.

129 1069 252 1115 —317
289 1070 318 1112 §.
344 1071 399 1114 47.
435 1071 512 1103 dele
544 1078 668 1104 notam
702 1080 830 1103 meam.
877 1067 970 1102 Nam
994 1079 1076 1101 sana
1102 1069 1242 1108 omnia,
1278 1069 1459 1112 traxitque
1481 1078 1540 1102 me

449 1129 487 1159 iu
524 1137 682 1160 errorem
713 1123 912 1170 Spaldingii
943 1124 1133 1159 dubitatio.
1177 1123 1457 1170 Intelligendum
1488 1132 1541 1159 est

451 1183 494 1216 de
518 1184 720 1218 communi:
749 1190 784 1217 et
806 1182 904 1228 quod
928 1182 1141 1227 corpulento
1157 1182 1330 1227 litigatori
1345 1181 1538 1227 aliquando

452 1247 623 1283 patronus
650 1240 756 1273 dixit.

129 1313 171 1320 .-
198 1296 260 1330 341
290 1306 379 1330 vers.
403 1296 424 1329 8
447 1309 465 1329 a
488 1308 541 1340 pr.
565 1296 644 1339 lege
669 1295 789 1340 efico.
812 1293 918 1330 Amb.
943 1306 1009 1339 pro
1034 1307 1077 1328 ex
1092 1294 1179 1340 fico.

130 1371 173 1378 —
197 1351 262 1386 544
308 1369 353 1375 —-
381 1351 421 1385 15
445 1351 490 1385 ab
514 1354 589 1386 imo
612 1352 692 1397 lege
715 1363 786 1384 non
812 1365 844 1395 p.
868 1350 917 1386 ιἠ.

131 1424 173 1432 -—
196 1409 261 1451 374
307 1425 349 1432 --
379 1410 417 1443 14
440 1420 460 1441 a
484 1420 537 1451 pr.
561 1409 640 1454 lego
664 1406 994 1444 COGNATIONE
1024 1419 1058 1452 p.
1082 1405 1406 1443 COGNITIONE.

131 1483 173 1490 —
199 1463 265 1497 404
312 1484 353 1490 -
404 1477 417 1498 1
453 1466 530 1509 lege
555 1464 741 1498 molossum
765 1477 800 1509 p,
825 1463 1012 1499 molosson.

131 1536 175 1545 -
198 1520 273 1556 ead.
314 1538 356 1546 ·-
385 1520 424 1557 13
448 1521 491 1556 ab
514 1524 588 1555 imo
613 1521 691 1555 dele
717 1528 752 1554 et
775 1528 854 1554 ante
878 1520 977 1554 cibis.
