<?xml version="1.0" encoding="UTF-8"?>
<!DOCTYPE html PUBLIC "-//W3C//DTD XHTML 1.0 Transitional//EN"
    "http://www.w3.org/TR/xhtml1/DTD/xhtml1-transitional.dtd">
<html xmlns="http://www.w3.org/1999/xhtml" xml:lang="en" lang="en">
 <head>
  <title>
</title>
<meta http-equiv="Content-Type" content="text/html;charset=utf-8" />
  <meta name='ocr-system' content='tesseract 3.04.00' />
  <meta name='ocr-capabilities' content='ocr_page ocr_carea ocr_par ocr_line ocrx_word'/>
</head>
<body>
  <div class='ocr_page' id='page_1' title='image "./lexiconquintilia05bonnuoft_0361.png"; bbox 0 0 1775 3091; ppageno 0'>
   <div class='ocr_carea' id='block_1_1' title="bbox 0 2306 18 3074">
    <p class='ocr_par' dir='ltr' id='par_1_1' title="bbox 0 2306 18 3074">
     <span class='ocr_line' id='line_1_1' title="bbox 0 2306 18 3074; baseline 0 0"><span class='ocrx_word' id='word_1_1' title='bbox 0 2306 18 3074; x_wconf 95' lang='lat' dir='ltr'><strong> </strong></span> 
     </span>
    </p>
   </div>
   <div class='ocr_carea' id='block_1_2' title="bbox 233 232 1530 289">
    <p class='ocr_par' dir='ltr' id='par_1_2' title="bbox 233 232 1530 289">
     <span class='ocr_line' id='line_1_2' title="bbox 233 232 1530 289; baseline 0.001 -12"><span class='ocrx_word' id='word_1_2' title='bbox 233 237 288 277; x_wconf 72' lang='lat' dir='ltr'><strong>acl</strong></span> <span class='ocrx_word' id='word_1_3' title='bbox 320 237 451 289; x_wconf 76' lang='lat' dir='ltr'><strong>Quint.</strong></span> <span class='ocrx_word' id='word_1_4' title='bbox 478 237 571 288; x_wconf 52' lang='grc' dir='ltr'><strong>Ιιιᾳὶ.</strong></span> <span class='ocrx_word' id='word_1_5' title='bbox 606 234 661 285; x_wconf 81' lang='lat' dir='ltr'><strong>V,</strong></span> <span class='ocrx_word' id='word_1_6' title='bbox 701 237 760 275; x_wconf 78' lang='lat'><strong>14.</strong></span> <span class='ocrx_word' id='word_1_7' title='bbox 794 236 830 285; x_wconf 84' lang='lat'><strong>§.</strong></span> <span class='ocrx_word' id='word_1_8' title='bbox 855 240 920 275; x_wconf 83' lang='lat'><strong>35.</strong></span> <span class='ocrx_word' id='word_1_9' title='bbox 986 232 1060 274; x_wconf 79' lang='grc' dir='ltr'><strong>ῙἹ.</strong></span> <span class='ocrx_word' id='word_1_10' title='bbox 1097 234 1159 274; x_wconf 86' lang='lat' dir='ltr'><strong>Pr.</strong></span> <span class='ocrx_word' id='word_1_11' title='bbox 1192 235 1393 284; x_wconf 76' lang='lat'><strong>§.1--6.</strong></span> <span class='ocrx_word' id='word_1_12' title='bbox 1455 243 1530 279; x_wconf 70' lang='lat'><strong>,307</strong></span> 
     </span>
    </p>
   </div>
   <div class='ocr_carea' id='block_1_3' title="bbox 80 347 1555 2759">
    <p class='ocr_par' dir='ltr' id='par_1_3' title="bbox 80 347 1541 941">
     <span class='ocr_line' id='line_1_3' title="bbox 90 347 1531 401; baseline 0 -10"><span class='ocrx_word' id='word_1_13' title='bbox 90 350 190 392; x_wconf 88' lang='lat' dir='ltr'><strong>Loc.</strong></span> <span class='ocrx_word' id='word_1_14' title='bbox 221 351 329 391; x_wconf 82' lang='lat' dir='ltr'><strong>Ven.</strong></span> <span class='ocrx_word' id='word_1_15' title='bbox 359 352 486 390; x_wconf 73' lang='lat' dir='ltr'><strong>amisi.</strong></span> <span class='ocrx_word' id='word_1_16' title='bbox 604 353 685 388; x_wconf 71' lang='lat' dir='ltr'><strong>ictu</strong></span> <span class='ocrx_word' id='word_1_17' title='bbox 715 347 848 388; x_wconf 70' lang='lat' dir='ltr'><strong>simili.</strong></span> <span class='ocrx_word' id='word_1_18' title='bbox 901 348 968 388; x_wconf 80' lang='lat' dir='ltr'><strong>Sic</strong></span> <span class='ocrx_word' id='word_1_19' title='bbox 999 351 1119 388; x_wconf 76' lang='lat' dir='ltr'>etiam</span> <span class='ocrx_word' id='word_1_20' title='bbox 1151 348 1258 390; x_wconf 81' lang='lat' dir='ltr'><strong>Flor.</strong></span> <span class='ocrx_word' id='word_1_21' title='bbox 1297 364 1317 388; x_wconf 84' lang='lat' dir='ltr'>a</span> <span class='ocrx_word' id='word_1_22' title='bbox 1347 365 1424 390; x_wconf 86' lang='lat' dir='ltr'><strong>sec.</strong></span> <span class='ocrx_word' id='word_1_23' title='bbox 1452 366 1531 401; x_wconf 51' lang='lat' dir='ltr'><strong>m..</strong></span> 
     </span>
     <span class='ocr_line' id='line_1_4' title="bbox 92 414 1532 474; baseline -0.001 -16"><span class='ocrx_word' id='word_1_24' title='bbox 92 429 227 459; x_wconf 80' lang='lat' dir='ltr'>tamen</span> <span class='ocrx_word' id='word_1_25' title='bbox 254 434 275 458; x_wconf 83' lang='lat' dir='ltr'><strong>a</strong></span> <span class='ocrx_word' id='word_1_26' title='bbox 298 434 356 473; x_wconf 86' lang='lat' dir='ltr'><strong>pr.</strong></span> <span class='ocrx_word' id='word_1_27' title='bbox 380 433 435 458; x_wconf 88' lang='lat' dir='ltr'><strong>m.</strong></span> <span class='ocrx_word' id='word_1_28' title='bbox 459 432 551 457; x_wconf 87' lang='lat' dir='ltr'><strong>cum</strong></span> <span class='ocrx_word' id='word_1_29' title='bbox 573 414 712 457; x_wconf 80' lang='lat' dir='ltr'><strong>Turio.</strong></span> <span class='ocrx_word' id='word_1_30' title='bbox 740 431 760 454; x_wconf 84' lang='lat' dir='ltr'>a</span> <span class='ocrx_word' id='word_1_31' title='bbox 782 432 839 468; x_wconf 84' lang='lat' dir='ltr'><strong>pr.</strong></span> <span class='ocrx_word' id='word_1_32' title='bbox 860 431 915 455; x_wconf 88' lang='lat' dir='ltr'><strong>m.</strong></span> <span class='ocrx_word' id='word_1_33' title='bbox 940 419 965 456; x_wconf 84' lang='grc' dir='ltr'><strong>ι’.</strong></span> <span class='ocrx_word' id='word_1_34' title='bbox 987 415 1120 456; x_wconf 79' lang='lat' dir='ltr'><strong>simile.</strong></span> <span class='ocrx_word' id='word_1_35' title='bbox 1194 415 1361 474; x_wconf 76' lang='lat' dir='ltr'><strong>ferircr.</strong></span> <span class='ocrx_word' id='word_1_36' title='bbox 1394 416 1532 472; x_wconf 83' lang='lat' dir='ltr'><strong>Camp.</strong></span> 
     </span>
     <span class='ocr_line' id='line_1_5' title="bbox 80 482 1535 542; baseline 0.001 -18"><span class='ocrx_word' id='word_1_37' title='bbox 80 486 242 542; x_wconf 70' lang='lat' dir='ltr'><strong>feriret.</strong></span> <span class='ocrx_word' id='word_1_38' title='bbox 364 487 490 524; x_wconf 80' lang='lat' dir='ltr'><strong>Tunc.</strong></span> <span class='ocrx_word' id='word_1_39' title='bbox 540 482 661 524; x_wconf 83' lang='lat' dir='ltr'><strong>Amb.</strong></span> <span class='ocrx_word' id='word_1_40' title='bbox 684 489 722 523; x_wconf 83' lang='lat'><strong>1.</strong></span> <span class='ocrx_word' id='word_1_41' title='bbox 753 483 859 521; x_wconf 81' lang='lat' dir='ltr'><strong>Flor.</strong></span> <span class='ocrx_word' id='word_1_42' title='bbox 891 486 1011 522; x_wconf 73' lang='lat' dir='ltr'>etiam</span> <span class='ocrx_word' id='word_1_43' title='bbox 1036 500 1147 524; x_wconf 81' lang='lat' dir='ltr'><strong>mmo.</strong></span> <span class='ocrx_word' id='word_1_44' title='bbox 1267 489 1535 525; x_wconf 67' lang='lat' dir='ltr'><strong>consumaris.</strong></span> 
     </span>
     <span class='ocr_line' id='line_1_6' title="bbox 93 550 1534 605; baseline -0.001 -11"><span class='ocrx_word' id='word_1_45' title='bbox 93 554 229 594; x_wconf 84' lang='lat' dir='ltr'><strong>Turic.</strong></span> <span class='ocrx_word' id='word_1_46' title='bbox 250 569 305 593; x_wconf 83' lang='lat' dir='ltr'><strong>m.</strong></span> <span class='ocrx_word' id='word_1_47' title='bbox 328 569 405 592; x_wconf 83' lang='lat' dir='ltr'><strong>sec.</strong></span> <span class='ocrx_word' id='word_1_48' title='bbox 446 552 555 592; x_wconf 86' lang='lat' dir='ltr'><strong>Jens.</strong></span> <span class='ocrx_word' id='word_1_49' title='bbox 584 551 705 591; x_wconf 82' lang='lat' dir='ltr'><strong>Tarv.</strong></span> <span class='ocrx_word' id='word_1_50' title='bbox 729 561 1035 603; x_wconf 75' lang='lat' dir='ltr'><strong>consumpturus.</strong></span> <span class='ocrx_word' id='word_1_51' title='bbox 1096 550 1200 603; x_wconf 87' lang='lat' dir='ltr'><strong>[Ad</strong></span> <span class='ocrx_word' id='word_1_52' title='bbox 1229 553 1534 605; x_wconf 78' lang='lat' dir='ltr'>disputationem</span> 
     </span>
     <span class='ocr_line' id='line_1_7' title="bbox 93 610 1536 674; baseline -0.001 -13"><span class='ocrx_word' id='word_1_53' title='bbox 93 623 142 661; x_wconf 85' lang='lat' dir='ltr'><strong>de</strong></span> <span class='ocrx_word' id='word_1_54' title='bbox 182 630 341 660; x_wconf 81' lang='lat' dir='ltr'>auctore</span> <span class='ocrx_word' id='word_1_55' title='bbox 381 620 529 671; x_wconf 83' lang='lat' dir='ltr'>dialogi</span> <span class='ocrx_word' id='word_1_56' title='bbox 571 619 670 657; x_wconf 76' lang='lat' dir='ltr'>haec</span> <span class='ocrx_word' id='word_1_57' title='bbox 707 618 860 656; x_wconf 82' lang='lat' dir='ltr'>addidit</span> <span class='ocrx_word' id='word_1_58' title='bbox 898 620 941 655; x_wconf 90' lang='lat' dir='ltr'><strong>in</strong></span> <span class='ocrx_word' id='word_1_59' title='bbox 973 622 1077 659; x_wconf 80' lang='lat' dir='ltr'>notis</span> <span class='ocrx_word' id='word_1_60' title='bbox 1113 610 1222 659; x_wconf 68' lang='lat' dir='ltr'><strong>msfis</strong></span> <span class='ocrx_word' id='word_1_61' title='bbox 1256 619 1536 674; x_wconf 78' lang='lat' dir='ltr'>Spaldingius:</span> 
     </span>
     <span class='ocr_line' id='line_1_8' title="bbox 92 682 1535 741; baseline -0.001 -13"><span class='ocrx_word' id='word_1_62' title='bbox 92 687 236 739; x_wconf 76' lang='lat' dir='ltr'><strong>„Satis</strong></span> <span class='ocrx_word' id='word_1_63' title='bbox 266 691 386 739; x_wconf 81' lang='lat' dir='ltr'>longa</span> <span class='ocrx_word' id='word_1_64' title='bbox 418 689 461 725; x_wconf 88' lang='lat' dir='ltr'><strong>in</strong></span> <span class='ocrx_word' id='word_1_65' title='bbox 494 695 672 725; x_wconf 81' lang='lat' dir='ltr'>nostram</span> <span class='ocrx_word' id='word_1_66' title='bbox 699 682 939 724; x_wconf 61' lang='lat' dir='ltr'>sententiam</span> <span class='ocrx_word' id='word_1_67' title='bbox 967 696 1063 726; x_wconf 83' lang='lat' dir='ltr'><strong>nota</strong></span> <span class='ocrx_word' id='word_1_68' title='bbox 1094 698 1151 727; x_wconf 84' lang='lat' dir='ltr'><strong>est</strong></span> <span class='ocrx_word' id='word_1_69' title='bbox 1181 686 1467 741; x_wconf 84' lang='lat' dir='ltr'>Caperonnerii</span> <span class='ocrx_word' id='word_1_70' title='bbox 1494 692 1535 728; x_wconf 87' lang='lat' dir='ltr'><strong>in</strong></span> 
     </span>
     <span class='ocr_line' id='line_1_9' title="bbox 91 752 1541 810; baseline 0.001 -16"><span class='ocrx_word' id='word_1_71' title='bbox 91 759 170 795; x_wconf 85' lang='lat' dir='ltr'><strong>fine</strong></span> <span class='ocrx_word' id='word_1_72' title='bbox 199 758 290 794; x_wconf 81' lang='lat' dir='ltr'><strong>libri</strong></span> <span class='ocrx_word' id='word_1_73' title='bbox 320 752 425 794; x_wconf 87' lang='lat' dir='ltr'><strong>VIII</strong></span> <span class='ocrx_word' id='word_1_74' title='bbox 460 769 553 793; x_wconf 85' lang='lat' dir='ltr'><strong>cum</strong></span> <span class='ocrx_word' id='word_1_75' title='bbox 587 754 849 808; x_wconf 74' lang='lat' dir='ltr'>quibusdam,</span> <span class='ocrx_word' id='word_1_76' title='bbox 908 768 1010 807; x_wconf 81' lang='lat' dir='ltr'>quae</span> <span class='ocrx_word' id='word_1_77' title='bbox 1051 769 1122 807; x_wconf 87' lang='lat' dir='ltr'><strong>ego</strong></span> <span class='ocrx_word' id='word_1_78' title='bbox 1158 755 1224 794; x_wconf 81' lang='lat' dir='ltr'><strong>hic</strong></span> <span class='ocrx_word' id='word_1_79' title='bbox 1262 771 1345 795; x_wconf 84' lang='lat' dir='ltr'><strong>uon</strong></span> <span class='ocrx_word' id='word_1_80' title='bbox 1376 760 1541 810; x_wconf 78' lang='lat' dir='ltr'><strong>tetigi.“</strong></span> 
     </span>
     <span class='ocr_line' id='line_1_10' title="bbox 93 821 1540 877; baseline 0.002 -15"><span class='ocrx_word' id='word_1_81' title='bbox 93 855 120 874; x_wconf 84' lang='lat'><strong>„</strong></span> <span class='ocrx_word' id='word_1_82' title='bbox 135 822 197 862; x_wconf 83' lang='lat' dir='ltr'><strong>De</strong></span> <span class='ocrx_word' id='word_1_83' title='bbox 229 821 361 873; x_wconf 78' lang='lat' dir='ltr'>Salejo</span> <span class='ocrx_word' id='word_1_84' title='bbox 392 821 515 862; x_wconf 80' lang='lat' dir='ltr'>Basso</span> <span class='ocrx_word' id='word_1_85' title='bbox 544 823 746 860; x_wconf 80' lang='lat' dir='ltr'>diversum</span> <span class='ocrx_word' id='word_1_86' title='bbox 766 824 973 875; x_wconf 76' lang='lat' dir='ltr'><strong>utriusque</strong></span> <span class='ocrx_word' id='word_1_87' title='bbox 992 824 1189 876; x_wconf 82' lang='lat' dir='ltr'><strong>scriptoris</strong></span> <span class='ocrx_word' id='word_1_88' title='bbox 1210 824 1405 875; x_wconf 77' lang='lat' dir='ltr'><strong>judicium</strong></span> <span class='ocrx_word' id='word_1_89' title='bbox 1427 834 1540 877; x_wconf 86' lang='lat' dir='ltr'>urget</span> 
     </span>
     <span class='ocr_line' id='line_1_11' title="bbox 91 887 903 941; baseline -0.002 -11"><span class='ocrx_word' id='word_1_90' title='bbox 91 889 281 931; x_wconf 79' lang='lat' dir='ltr'>Barthius</span> <span class='ocrx_word' id='word_1_91' title='bbox 302 891 351 928; x_wconf 81' lang='lat' dir='ltr'><strong>ad</strong></span> <span class='ocrx_word' id='word_1_92' title='bbox 372 889 491 929; x_wconf 74' lang='lat' dir='ltr'>Statii</span> <span class='ocrx_word' id='word_1_93' title='bbox 515 889 644 929; x_wconf 77' lang='lat' dir='ltr'><strong>Theb.</strong></span> <span class='ocrx_word' id='word_1_94' title='bbox 668 887 725 939; x_wconf 87' lang='lat' dir='ltr'><strong>X,</strong></span> <span class='ocrx_word' id='word_1_95' title='bbox 747 889 903 941; x_wconf 82' lang='lat'><strong>700.“]</strong></span> 
     </span>
    </p>

    <p class='ocr_par' dir='ltr' id='par_1_4' title="bbox 91 953 1554 2225">
     <span class='ocr_line' id='line_1_12' title="bbox 207 953 1542 1011; baseline 0.003 -15"><span class='ocrx_word' id='word_1_96' title='bbox 207 959 243 1009; x_wconf 55' lang='grc' dir='ltr'><strong>ᾧ.</strong></span> <span class='ocrx_word' id='word_1_97' title='bbox 274 957 315 996; x_wconf 89' lang='grc'><strong>4.</strong></span> <span class='ocrx_word' id='word_1_98' title='bbox 373 957 471 996; x_wconf 80' lang='lat' dir='ltr'><em>mihi</em></span> <span class='ocrx_word' id='word_1_99' title='bbox 491 957 608 995; x_wconf 77' lang='lat' dir='ltr'><strong><em>bonus</em></strong></span> <span class='ocrx_word' id='word_1_100' title='bbox 627 973 782 1011; x_wconf 80' lang='lat' dir='ltr'><strong>parcns.</strong></span> <span class='ocrx_word' id='word_1_101' title='bbox 831 955 936 997; x_wconf 83' lang='lat' dir='ltr'><strong>Edd.</strong></span> <span class='ocrx_word' id='word_1_102' title='bbox 961 972 981 994; x_wconf 83' lang='lat' dir='ltr'>a</span> <span class='ocrx_word' id='word_1_103' title='bbox 1001 953 1110 996; x_wconf 65' lang='lat' dir='ltr'><strong>Jensn</strong></span> <span class='ocrx_word' id='word_1_104' title='bbox 1136 957 1184 996; x_wconf 75' lang='lat' dir='ltr'><strong>ad</strong></span> <span class='ocrx_word' id='word_1_105' title='bbox 1205 955 1310 997; x_wconf 87' lang='lat' dir='ltr'><strong>Ven.</strong></span> <span class='ocrx_word' id='word_1_106' title='bbox 1329 974 1422 998; x_wconf 87' lang='lat' dir='ltr'><strong>cum</strong></span> <span class='ocrx_word' id='word_1_107' title='bbox 1438 958 1542 1000; x_wconf 77' lang='lat' dir='ltr'>Bad-</span> 
     </span>
     <span class='ocr_line' id='line_1_13' title="bbox 96 1022 1454 1080; baseline 0 -17"><span class='ocrx_word' id='word_1_108' title='bbox 96 1024 250 1065; x_wconf 75' lang='lat' dir='ltr'><strong>Cervic.</strong></span> <span class='ocrx_word' id='word_1_109' title='bbox 274 1024 404 1065; x_wconf 80' lang='lat' dir='ltr'><strong>Colin.</strong></span> <span class='ocrx_word' id='word_1_110' title='bbox 436 1022 592 1078; x_wconf 80' lang='lat' dir='ltr'><strong>Gryph.</strong></span> <span class='ocrx_word' id='word_1_111' title='bbox 627 1025 662 1064; x_wconf 76' lang='grc' dir='ltr'><strong>[ι.</strong></span> <span class='ocrx_word' id='word_1_112' title='bbox 684 1042 724 1078; x_wconf 84' lang='lat' dir='ltr'><strong>p.</strong></span> <span class='ocrx_word' id='word_1_113' title='bbox 748 1041 801 1064; x_wconf 85' lang='lat' dir='ltr'><strong>m.</strong></span> <span class='ocrx_word' id='word_1_114' title='bbox 906 1041 1076 1078; x_wconf 82' lang='lat' dir='ltr'><strong>possum.</strong></span> <span class='ocrx_word' id='word_1_115' title='bbox 1130 1023 1268 1079; x_wconf 85' lang='lat' dir='ltr'><strong>Camp.</strong></span> <span class='ocrx_word' id='word_1_116' title='bbox 1294 1029 1454 1080; x_wconf 78' lang='lat' dir='ltr'><strong>possim.</strong></span> 
     </span>
     <span class='ocr_line' id='line_1_14' title="bbox 91 1089 1545 1146; baseline 0.001 -16"><span class='ocrx_word' id='word_1_117' title='bbox 91 1095 332 1146; x_wconf 76' lang='lat' dir='ltr'><strong>firmitatem.</strong></span> <span class='ocrx_word' id='word_1_118' title='bbox 379 1089 502 1131; x_wconf 83' lang='lat' dir='ltr'><strong>Amb.</strong></span> <span class='ocrx_word' id='word_1_119' title='bbox 533 1097 568 1131; x_wconf 91' lang='lat'><strong>1.</strong></span> <span class='ocrx_word' id='word_1_120' title='bbox 602 1090 709 1131; x_wconf 89' lang='lat' dir='ltr'><strong>Flor.</strong></span> <span class='ocrx_word' id='word_1_121' title='bbox 740 1090 830 1131; x_wconf 85' lang='lat' dir='ltr'><strong>Par.</strong></span> <span class='ocrx_word' id='word_1_122' title='bbox 853 1096 889 1131; x_wconf 86' lang='lat'><strong>1.</strong></span> <span class='ocrx_word' id='word_1_123' title='bbox 925 1107 1086 1146; x_wconf 78' lang='lat' dir='ltr'>quoque</span> <span class='ocrx_word' id='word_1_124' title='bbox 1116 1095 1153 1131; x_wconf 80' lang='lat' dir='ltr'><strong>in</strong></span> <span class='ocrx_word' id='word_1_125' title='bbox 1180 1096 1394 1134; x_wconf 60' lang='lat' dir='ltr'><strong>&#39;rmitcztenn</strong></span> <span class='ocrx_word' id='word_1_126' title='bbox 1505 1096 1545 1133; x_wconf 78' lang='lat' dir='ltr'><strong>in</strong></span> 
     </span>
     <span class='ocr_line' id='line_1_15' title="bbox 95 1157 1544 1214; baseline 0.003 -17"><span class='ocrx_word' id='word_1_127' title='bbox 95 1176 156 1197; x_wconf 82' lang='lat' dir='ltr'><strong>me</strong></span> <span class='ocrx_word' id='word_1_128' title='bbox 175 1169 242 1199; x_wconf 72' lang='lat' dir='ltr'><strong>cst.</strong></span> <span class='ocrx_word' id='word_1_129' title='bbox 295 1158 432 1212; x_wconf 74' lang='lat' dir='ltr'><strong>Camp.</strong></span> <span class='ocrx_word' id='word_1_130' title='bbox 455 1169 510 1197; x_wconf 82' lang='lat' dir='ltr'><strong>cst</strong></span> <span class='ocrx_word' id='word_1_131' title='bbox 531 1161 571 1198; x_wconf 84' lang='lat' dir='ltr'><strong>in</strong></span> <span class='ocrx_word' id='word_1_132' title='bbox 592 1176 663 1199; x_wconf 82' lang='lat' dir='ltr'><strong>me.</strong></span> <span class='ocrx_word' id='word_1_133' title='bbox 747 1170 804 1197; x_wconf 81' lang='lat' dir='ltr'><strong>est</strong></span> <span class='ocrx_word' id='word_1_134' title='bbox 826 1157 941 1198; x_wconf 77' lang='lat' dir='ltr'><strong>alius.</strong></span> <span class='ocrx_word' id='word_1_135' title='bbox 993 1157 1119 1200; x_wconf 87' lang='lat' dir='ltr'><strong>Amb.</strong></span> <span class='ocrx_word' id='word_1_136' title='bbox 1145 1165 1182 1200; x_wconf 93' lang='lat'><strong>1.</strong></span> <span class='ocrx_word' id='word_1_137' title='bbox 1203 1160 1338 1200; x_wconf 84' lang='lat' dir='ltr'><strong>Turio.</strong></span> <span class='ocrx_word' id='word_1_138' title='bbox 1362 1176 1384 1200; x_wconf 86' lang='lat' dir='ltr'>a</span> <span class='ocrx_word' id='word_1_139' title='bbox 1404 1178 1464 1214; x_wconf 87' lang='lat' dir='ltr'><strong>pr.</strong></span> <span class='ocrx_word' id='word_1_140' title='bbox 1488 1177 1544 1201; x_wconf 89' lang='lat' dir='ltr'><strong>m.</strong></span> 
     </span>
     <span class='ocr_line' id='line_1_16' title="bbox 95 1223 1544 1282; baseline 0.001 -16"><span class='ocrx_word' id='word_1_141' title='bbox 95 1226 202 1266; x_wconf 88' lang='lat' dir='ltr'><strong>Flor.</strong></span> <span class='ocrx_word' id='word_1_142' title='bbox 245 1225 349 1281; x_wconf 81' lang='lat' dir='ltr'>(qui</span> <span class='ocrx_word' id='word_1_143' title='bbox 387 1242 410 1265; x_wconf 85' lang='lat' dir='ltr'>a</span> <span class='ocrx_word' id='word_1_144' title='bbox 439 1243 498 1280; x_wconf 85' lang='lat' dir='ltr'><strong>pr.</strong></span> <span class='ocrx_word' id='word_1_145' title='bbox 531 1242 583 1267; x_wconf 88' lang='lat' dir='ltr'><strong>m.</strong></span> <span class='ocrx_word' id='word_1_146' title='bbox 619 1223 726 1280; x_wconf 77' lang='lat' dir='ltr'><em>alis)</em></span> <span class='ocrx_word' id='word_1_147' title='bbox 774 1229 902 1266; x_wconf 84' lang='lat' dir='ltr'><strong>omitt.</strong></span> <span class='ocrx_word' id='word_1_148' title='bbox 937 1237 1007 1266; x_wconf 81' lang='lat' dir='ltr'><strong>est.</strong></span> <span class='ocrx_word' id='word_1_149' title='bbox 1134 1239 1326 1282; x_wconf 79' lang='lat' dir='ltr'><strong><em>superstes</em></strong></span> <span class='ocrx_word' id='word_1_150' title='bbox 1367 1232 1544 1268; x_wconf 79' lang='lat' dir='ltr'><strong>omnium.</strong></span> 
     </span>
     <span class='ocr_line' id='line_1_17' title="bbox 99 1292 1548 1348; baseline 0.001 -14"><span class='ocrx_word' id='word_1_151' title='bbox 99 1292 222 1334; x_wconf 79' lang='lat' dir='ltr'><strong>Goth.</strong></span> <span class='ocrx_word' id='word_1_152' title='bbox 245 1296 467 1348; x_wconf 77' lang='lat' dir='ltr'><em>superstites</em></span> <span class='ocrx_word' id='word_1_153' title='bbox 489 1311 525 1334; x_wconf 92' lang='grc' dir='ltr'><strong>ο.</strong></span> <span class='ocrx_word' id='word_1_154' title='bbox 579 1294 716 1334; x_wconf 73' lang='lat' dir='ltr'><strong>Turio.</strong></span> <span class='ocrx_word' id='word_1_155' title='bbox 744 1309 765 1333; x_wconf 85' lang='lat' dir='ltr'>a</span> <span class='ocrx_word' id='word_1_156' title='bbox 784 1310 843 1346; x_wconf 89' lang='lat' dir='ltr'><strong>pr.</strong></span> <span class='ocrx_word' id='word_1_157' title='bbox 867 1309 922 1334; x_wconf 87' lang='lat' dir='ltr'><strong>m.</strong></span> <span class='ocrx_word' id='word_1_158' title='bbox 948 1311 1062 1348; x_wconf 80' lang='lat' dir='ltr'><em>super</em></span> <span class='ocrx_word' id='word_1_159' title='bbox 1089 1305 1125 1333; x_wconf 76' lang='lat' dir='ltr'><strong>te</strong></span> <span class='ocrx_word' id='word_1_160' title='bbox 1144 1299 1347 1336; x_wconf 82' lang='lat' dir='ltr'><strong>somnium.</strong></span> <span class='ocrx_word' id='word_1_161' title='bbox 1457 1296 1548 1336; x_wconf 83' lang='lat' dir='ltr'><em>nul-</em></span> 
     </span>
     <span class='ocr_line' id='line_1_18' title="bbox 98 1360 1545 1416; baseline 0.001 -15"><span class='ocrx_word' id='word_1_162' title='bbox 98 1361 178 1401; x_wconf 79' lang='lat' dir='ltr'><strong>lam</strong></span> <span class='ocrx_word' id='word_1_163' title='bbox 213 1372 339 1400; x_wconf 78' lang='lat' dir='ltr'><strong><em>terras</em></strong></span> <span class='ocrx_word' id='word_1_164' title='bbox 368 1360 559 1415; x_wconf 69' lang='lat' dir='ltr'><strong><em>despicere</em></strong></span> <span class='ocrx_word' id='word_1_165' title='bbox 583 1361 882 1416; x_wconf 74' lang='lat' dir='ltr'><strong><em>providentiam.</em></strong></span> <span class='ocrx_word' id='word_1_166' title='bbox 942 1360 1068 1401; x_wconf 81' lang='lat' dir='ltr'><strong>Aan.</strong></span> <span class='ocrx_word' id='word_1_167' title='bbox 1106 1367 1144 1402; x_wconf 88' lang='lat'><strong>1.</strong></span> <span class='ocrx_word' id='word_1_168' title='bbox 1184 1362 1322 1402; x_wconf 82' lang='lat' dir='ltr'><strong>Turio.</strong></span> <span class='ocrx_word' id='word_1_169' title='bbox 1357 1378 1380 1401; x_wconf 82' lang='lat' dir='ltr'><strong>a</strong></span> <span class='ocrx_word' id='word_1_170' title='bbox 1410 1379 1470 1416; x_wconf 88' lang='lat' dir='ltr'><strong>pr.</strong></span> <span class='ocrx_word' id='word_1_171' title='bbox 1491 1380 1545 1402; x_wconf 85' lang='lat'><strong>111.</strong></span> 
     </span>
     <span class='ocr_line' id='line_1_19' title="bbox 98 1426 1546 1482; baseline 0.002 -15"><span class='ocrx_word' id='word_1_172' title='bbox 98 1428 205 1468; x_wconf 77' lang='lat' dir='ltr'><em>nulla</em></span> <span class='ocrx_word' id='word_1_173' title='bbox 231 1432 270 1468; x_wconf 85' lang='lat' dir='ltr'><strong>in</strong></span> <span class='ocrx_word' id='word_1_174' title='bbox 301 1429 435 1482; x_wconf 85' lang='lat' dir='ltr'><strong>(Flor.</strong></span> <span class='ocrx_word' id='word_1_175' title='bbox 456 1428 615 1482; x_wconf 83' lang='lat' dir='ltr'><strong>Calnp.)</strong></span> <span class='ocrx_word' id='word_1_176' title='bbox 636 1440 672 1468; x_wconf 30' lang='lat' dir='ltr'><strong>rt.</strong></span> <span class='ocrx_word' id='word_1_177' title='bbox 695 1429 833 1482; x_wconf 74' lang='lat' dir='ltr'><strong>[lispic.</strong></span> <span class='ocrx_word' id='word_1_178' title='bbox 867 1426 1043 1482; x_wconf 89' lang='lat' dir='ltr'><strong>(Goth.)</strong></span> <span class='ocrx_word' id='word_1_179' title='bbox 1070 1429 1332 1482; x_wconf 65' lang='lat' dir='ltr'><strong>providenda.</strong></span> <span class='ocrx_word' id='word_1_180' title='bbox 1419 1441 1546 1471; x_wconf 74' lang='lat' dir='ltr'><strong>tester.</strong></span> 
     </span>
     <span class='ocr_line' id='line_1_20' title="bbox 98 1494 1546 1549; baseline 0.001 -13"><span class='ocrx_word' id='word_1_181' title='bbox 98 1496 234 1536; x_wconf 85' lang='lat' dir='ltr'><strong>Turio.</strong></span> <span class='ocrx_word' id='word_1_182' title='bbox 254 1496 361 1536; x_wconf 84' lang='lat' dir='ltr'><strong>Flor.</strong></span> <span class='ocrx_word' id='word_1_183' title='bbox 386 1512 408 1535; x_wconf 88' lang='lat' dir='ltr'>a</span> <span class='ocrx_word' id='word_1_184' title='bbox 425 1512 484 1549; x_wconf 87' lang='lat' dir='ltr'><strong>pr.</strong></span> <span class='ocrx_word' id='word_1_185' title='bbox 507 1512 562 1536; x_wconf 87' lang='lat' dir='ltr'><strong>m.</strong></span> <span class='ocrx_word' id='word_1_186' title='bbox 587 1494 723 1536; x_wconf 82' lang='lat' dir='ltr'><strong>Guelf.</strong></span> <span class='ocrx_word' id='word_1_187' title='bbox 749 1494 872 1536; x_wconf 88' lang='lat' dir='ltr'><strong>Goth.</strong></span> <span class='ocrx_word' id='word_1_188' title='bbox 897 1506 1029 1534; x_wconf 75' lang='lat' dir='ltr'><strong>testor.</strong></span> <span class='ocrx_word' id='word_1_189' title='bbox 1145 1512 1227 1535; x_wconf 83' lang='lat' dir='ltr'><strong>meo</strong></span> <span class='ocrx_word' id='word_1_190' title='bbox 1257 1513 1363 1537; x_wconf 84' lang='lat' dir='ltr'><strong>casn.</strong></span> <span class='ocrx_word' id='word_1_191' title='bbox 1408 1497 1546 1538; x_wconf 75' lang='lat' dir='ltr'><strong>Turio.</strong></span> 
     </span>
     <span class='ocr_line' id='line_1_21' title="bbox 100 1562 1551 1619; baseline 0.001 -16"><span class='ocrx_word' id='word_1_192' title='bbox 100 1579 122 1603; x_wconf 85' lang='lat' dir='ltr'>a</span> <span class='ocrx_word' id='word_1_193' title='bbox 139 1579 216 1603; x_wconf 87' lang='lat' dir='ltr'><strong>sec.</strong></span> <span class='ocrx_word' id='word_1_194' title='bbox 240 1579 295 1604; x_wconf 90' lang='lat' dir='ltr'><strong>m.</strong></span> <span class='ocrx_word' id='word_1_195' title='bbox 327 1580 430 1602; x_wconf 84' lang='lat' dir='ltr'><strong><em>meos</em></strong></span> <span class='ocrx_word' id='word_1_196' title='bbox 459 1580 584 1603; x_wconf 81' lang='lat' dir='ltr'><strong>casus.</strong></span> <span class='ocrx_word' id='word_1_197' title='bbox 695 1562 801 1617; x_wconf 78' lang='lat' dir='ltr'><strong><em>quod</em></strong></span> <span class='ocrx_word' id='word_1_198' title='bbox 824 1566 903 1603; x_wconf 70' lang='lat' dir='ltr'><strong>viv.</strong></span> <span class='ocrx_word' id='word_1_199' title='bbox 956 1563 1064 1603; x_wconf 85' lang='lat' dir='ltr'><strong>Flor.</strong></span> <span class='ocrx_word' id='word_1_200' title='bbox 1086 1562 1226 1617; x_wconf 83' lang='lat' dir='ltr'><strong>Camp.</strong></span> <span class='ocrx_word' id='word_1_201' title='bbox 1250 1568 1340 1619; x_wconf 81' lang='lat' dir='ltr'><em>quia</em></span> <span class='ocrx_word' id='word_1_202' title='bbox 1357 1581 1394 1605; x_wconf 79' lang='lat' dir='ltr'><strong>v.</strong></span> <span class='ocrx_word' id='word_1_203' title='bbox 1456 1566 1551 1619; x_wconf 73' lang='lat' dir='ltr'>[Si—-</span> 
     </span>
     <span class='ocr_line' id='line_1_22' title="bbox 99 1629 1550 1683; baseline 0.001 -13"><span class='ocrx_word' id='word_1_204' title='bbox 99 1634 196 1671; x_wconf 73' lang='lat' dir='ltr'>mile</span> <span class='ocrx_word' id='word_1_205' title='bbox 219 1632 377 1671; x_wconf 76' lang='lat' dir='ltr'>dicendi</span> <span class='ocrx_word' id='word_1_206' title='bbox 397 1646 522 1683; x_wconf 75' lang='lat' dir='ltr'>genus</span> <span class='ocrx_word' id='word_1_207' title='bbox 542 1633 695 1670; x_wconf 76' lang='lat' dir='ltr'>notavit</span> <span class='ocrx_word' id='word_1_208' title='bbox 717 1630 853 1682; x_wconf 83' lang='lat' dir='ltr'><strong>Spald.</strong></span> <span class='ocrx_word' id='word_1_209' title='bbox 879 1629 1055 1680; x_wconf 79' lang='lat' dir='ltr'><strong>Quintil.</strong></span> <span class='ocrx_word' id='word_1_210' title='bbox 1084 1629 1269 1671; x_wconf 83' lang='lat' dir='ltr'><strong>Declam.</strong></span> <span class='ocrx_word' id='word_1_211' title='bbox 1293 1639 1332 1683; x_wconf 84' lang='lat'><strong>9,</strong></span> <span class='ocrx_word' id='word_1_212' title='bbox 1356 1634 1432 1672; x_wconf 73' lang='lat'><strong>14:</strong></span> <span class='ocrx_word' id='word_1_213' title='bbox 1464 1648 1550 1671; x_wconf 85' lang='lat' dir='ltr'><strong>non</strong></span> 
     </span>
     <span class='ocr_line' id='line_1_23' title="bbox 100 1697 1553 1751; baseline 0.001 -15"><span class='ocrx_word' id='word_1_214' title='bbox 100 1701 220 1739; x_wconf 82' lang='lat' dir='ltr'><strong>sentis</strong></span> <span class='ocrx_word' id='word_1_215' title='bbox 237 1731 247 1748; x_wconf 91' lang='lat'>,</span> <span class='ocrx_word' id='word_1_216' title='bbox 286 1708 420 1750; x_wconf 80' lang='lat' dir='ltr'>pater,</span> <span class='ocrx_word' id='word_1_217' title='bbox 461 1699 538 1737; x_wconf 87' lang='lat' dir='ltr'><strong>hoc</strong></span> <span class='ocrx_word' id='word_1_218' title='bbox 564 1707 603 1736; x_wconf 77' lang='lat' dir='ltr'><strong>te</strong></span> <span class='ocrx_word' id='word_1_219' title='bbox 632 1697 736 1736; x_wconf 88' lang='lat' dir='ltr'><strong>mihi</strong></span> <span class='ocrx_word' id='word_1_220' title='bbox 762 1700 953 1748; x_wconf 76' lang='lat' dir='ltr'>objicere,</span> <span class='ocrx_word' id='word_1_221' title='bbox 996 1699 1105 1751; x_wconf 84' lang='lat' dir='ltr'>quod</span> <span class='ocrx_word' id='word_1_222' title='bbox 1131 1698 1300 1738; x_wconf 75' lang='lat' dir='ltr'>vivam?</span> <span class='ocrx_word' id='word_1_223' title='bbox 1352 1699 1477 1739; x_wconf 76' lang='lat' dir='ltr'><strong>Cicer.</strong></span> <span class='ocrx_word' id='word_1_224' title='bbox 1501 1701 1553 1739; x_wconf 83' lang='lat' dir='ltr'><strong>ad</strong></span> 
     </span>
     <span class='ocr_line' id='line_1_24' title="bbox 100 1759 1553 1817; baseline 0 -12"><span class='ocrx_word' id='word_1_225' title='bbox 100 1766 213 1805; x_wconf 81' lang='lat' dir='ltr'><strong>Fam.</strong></span> <span class='ocrx_word' id='word_1_226' title='bbox 235 1763 332 1815; x_wconf 86' lang='lat' dir='ltr'>Vll,</span> <span class='ocrx_word' id='word_1_227' title='bbox 353 1770 375 1804; x_wconf 90' lang='grc'>3</span> <span class='ocrx_word' id='word_1_228' title='bbox 408 1774 510 1803; x_wconf 84' lang='lat' dir='ltr'><strong>extr.</strong></span> <span class='ocrx_word' id='word_1_229' title='bbox 539 1767 713 1803; x_wconf 82' lang='lat' dir='ltr'><strong>criminis</strong></span> <span class='ocrx_word' id='word_1_230' title='bbox 744 1766 830 1802; x_wconf 79' lang='lat' dir='ltr'>loco</span> <span class='ocrx_word' id='word_1_231' title='bbox 861 1779 964 1811; x_wconf 84' lang='lat' dir='ltr'><strong>esse,</strong></span> <span class='ocrx_word' id='word_1_232' title='bbox 1007 1765 1114 1817; x_wconf 89' lang='lat' dir='ltr'>quod</span> <span class='ocrx_word' id='word_1_233' title='bbox 1132 1759 1310 1816; x_wconf 47' lang='grc' dir='ltr'><strong>τὶς-θήῃ]</strong></span> <span class='ocrx_word' id='word_1_234' title='bbox 1397 1777 1437 1804; x_wconf 78' lang='lat' dir='ltr'><strong>at</strong></span> <span class='ocrx_word' id='word_1_235' title='bbox 1460 1766 1553 1806; x_wconf 81' lang='lat' dir='ltr'><em>illo-</em></span> 
     </span>
     <span class='ocr_line' id='line_1_25' title="bbox 106 1830 1554 1884; baseline 0.001 -14"><span class='ocrx_word' id='word_1_236' title='bbox 106 1849 203 1872; x_wconf 82' lang='lat' dir='ltr'><strong>rum.</strong></span> <span class='ocrx_word' id='word_1_237' title='bbox 257 1831 392 1871; x_wconf 75' lang='lat' dir='ltr'><strong>Turic-</strong></span> <span class='ocrx_word' id='word_1_238' title='bbox 414 1846 435 1870; x_wconf 86' lang='lat' dir='ltr'>a</span> <span class='ocrx_word' id='word_1_239' title='bbox 453 1847 511 1884; x_wconf 83' lang='lat' dir='ltr'><strong>pr.</strong></span> <span class='ocrx_word' id='word_1_240' title='bbox 534 1846 589 1870; x_wconf 89' lang='lat' dir='ltr'><strong>m.</strong></span> <span class='ocrx_word' id='word_1_241' title='bbox 620 1830 673 1870; x_wconf 71' lang='lat' dir='ltr'><strong>acl</strong></span> <span class='ocrx_word' id='word_1_242' title='bbox 695 1830 752 1870; x_wconf 82' lang='lat' dir='ltr'><strong>ill.</strong></span> <span class='ocrx_word' id='word_1_243' title='bbox 851 1832 1006 1871; x_wconf 74' lang='lat' dir='ltr'><strong>acerba.</strong></span> <span class='ocrx_word' id='word_1_244' title='bbox 1061 1830 1197 1870; x_wconf 84' lang='lat' dir='ltr'><strong>Turio.</strong></span> <span class='ocrx_word' id='word_1_245' title='bbox 1227 1847 1249 1871; x_wconf 86' lang='lat' dir='ltr'>a</span> <span class='ocrx_word' id='word_1_246' title='bbox 1270 1848 1329 1884; x_wconf 83' lang='lat' dir='ltr'><strong>pr.</strong></span> <span class='ocrx_word' id='word_1_247' title='bbox 1351 1847 1407 1872; x_wconf 84' lang='lat' dir='ltr'><strong>m.</strong></span> <span class='ocrx_word' id='word_1_248' title='bbox 1440 1849 1554 1872; x_wconf 79' lang='lat' dir='ltr'><em>acer—</em></span> 
     </span>
     <span class='ocr_line' id='line_1_26' title="bbox 106 1898 1554 1953; baseline 0.001 -16"><span class='ocrx_word' id='word_1_249' title='bbox 106 1899 208 1938; x_wconf 77' lang='lat' dir='ltr'><strong>bam.</strong></span> <span class='ocrx_word' id='word_1_250' title='bbox 295 1909 436 1952; x_wconf 74' lang='lat' dir='ltr'><strong>erepta.</strong></span> <span class='ocrx_word' id='word_1_251' title='bbox 487 1898 622 1938; x_wconf 76' lang='lat' dir='ltr'><strong>Turio.</strong></span> <span class='ocrx_word' id='word_1_252' title='bbox 654 1913 676 1936; x_wconf 83' lang='lat' dir='ltr'>a</span> <span class='ocrx_word' id='word_1_253' title='bbox 697 1914 755 1950; x_wconf 87' lang='lat' dir='ltr'><strong>pr.</strong></span> <span class='ocrx_word' id='word_1_254' title='bbox 778 1913 833 1938; x_wconf 86' lang='lat' dir='ltr'><strong>m.</strong></span> <span class='ocrx_word' id='word_1_255' title='bbox 868 1910 1007 1938; x_wconf 77' lang='lat' dir='ltr'><strong>creola.</strong></span> <span class='ocrx_word' id='word_1_256' title='bbox 1103 1899 1200 1937; x_wconf 73' lang='lat' dir='ltr'><strong>mihi</strong></span> <span class='ocrx_word' id='word_1_257' title='bbox 1217 1902 1328 1953; x_wconf 79' lang='lat' dir='ltr'><em>prins</em></span> <span class='ocrx_word' id='word_1_258' title='bbox 1349 1900 1554 1939; x_wconf 75' lang='lat' dir='ltr'><strong><em>eorundem</em></strong></span> 
     </span>
     <span class='ocr_line' id='line_1_27' title="bbox 103 1964 1551 2020; baseline 0.002 -15"><span class='ocrx_word' id='word_1_259' title='bbox 103 1977 242 2005; x_wconf 74' lang='lat' dir='ltr'><strong>maire.</strong></span> <span class='ocrx_word' id='word_1_260' title='bbox 298 1966 423 2005; x_wconf 83' lang='lat' dir='ltr'><strong>Amb.</strong></span> <span class='ocrx_word' id='word_1_261' title='bbox 449 1971 486 2006; x_wconf 88' lang='lat'><strong>1.</strong></span> <span class='ocrx_word' id='word_1_262' title='bbox 516 1965 652 2005; x_wconf 81' lang='lat' dir='ltr'><strong>Turio.</strong></span> <span class='ocrx_word' id='word_1_263' title='bbox 679 1965 787 2007; x_wconf 90' lang='lat' dir='ltr'><strong>Flor.</strong></span> <span class='ocrx_word' id='word_1_264' title='bbox 821 1964 960 2020; x_wconf 77' lang='lat' dir='ltr'><strong>Camp.</strong></span> <span class='ocrx_word' id='word_1_265' title='bbox 993 1965 1126 2007; x_wconf 87' lang='lat' dir='ltr'><strong>Guelf.</strong></span> <span class='ocrx_word' id='word_1_266' title='bbox 1156 1984 1220 2020; x_wconf 86' lang='lat' dir='ltr'><strong>pr.</strong></span> <span class='ocrx_word' id='word_1_267' title='bbox 1254 1984 1303 2007; x_wconf 84' lang='lat' dir='ltr'><strong>m.</strong></span> <span class='ocrx_word' id='word_1_268' title='bbox 1331 1978 1427 2007; x_wconf 80' lang='lat' dir='ltr'><strong>mai.</strong></span> <span class='ocrx_word' id='word_1_269' title='bbox 1457 1984 1551 2019; x_wconf 62' lang='lat' dir='ltr'><strong><em>eoru,</em></strong></span> 
     </span>
     <span class='ocr_line' id='line_1_28' title="bbox 105 2032 1551 2088; baseline 0.001 -14"><span class='ocrx_word' id='word_1_270' title='bbox 105 2037 184 2074; x_wconf 76' lang='lat' dir='ltr'>nisi</span> <span class='ocrx_word' id='word_1_271' title='bbox 216 2035 324 2088; x_wconf 87' lang='lat' dir='ltr'>quod</span> <span class='ocrx_word' id='word_1_272' title='bbox 357 2032 495 2073; x_wconf 80' lang='lat' dir='ltr'><strong>Turio.</strong></span> <span class='ocrx_word' id='word_1_273' title='bbox 535 2044 721 2083; x_wconf 76' lang='lat' dir='ltr'><strong><em>matrem,</em></strong></span> <span class='ocrx_word' id='word_1_274' title='bbox 782 2042 820 2072; x_wconf 75' lang='lat' dir='ltr'><strong>et</strong></span> <span class='ocrx_word' id='word_1_275' title='bbox 854 2049 876 2072; x_wconf 84' lang='lat' dir='ltr'>a</span> <span class='ocrx_word' id='word_1_276' title='bbox 906 2049 965 2086; x_wconf 87' lang='lat' dir='ltr'><strong>pr.</strong></span> <span class='ocrx_word' id='word_1_277' title='bbox 998 2049 1053 2073; x_wconf 90' lang='lat' dir='ltr'><strong>m.</strong></span> <span class='ocrx_word' id='word_1_278' title='bbox 1082 2037 1184 2088; x_wconf 82' lang='lat' dir='ltr'><strong>pius.</strong></span> <span class='ocrx_word' id='word_1_279' title='bbox 1309 2050 1407 2088; x_wconf 81' lang='lat' dir='ltr'><strong><em>quae</em></strong></span> <span class='ocrx_word' id='word_1_280' title='bbox 1436 2035 1551 2075; x_wconf 74' lang='lat' dir='ltr'><strong>nond.</strong></span> 
     </span>
     <span class='ocr_line' id='line_1_29' title="bbox 108 2100 1553 2158; baseline 0.001 -17"><span class='ocrx_word' id='word_1_281' title='bbox 108 2100 244 2141; x_wconf 78' lang='lat' dir='ltr'><strong>Turio.</strong></span> <span class='ocrx_word' id='word_1_282' title='bbox 267 2117 288 2141; x_wconf 89' lang='lat' dir='ltr'>a</span> <span class='ocrx_word' id='word_1_283' title='bbox 310 2117 367 2154; x_wconf 88' lang='lat' dir='ltr'><strong>pr.</strong></span> <span class='ocrx_word' id='word_1_284' title='bbox 390 2115 445 2140; x_wconf 89' lang='lat' dir='ltr'><strong>m.</strong></span> <span class='ocrx_word' id='word_1_285' title='bbox 469 2103 535 2154; x_wconf 85' lang='lat' dir='ltr'><strong>qui</strong></span> <span class='ocrx_word' id='word_1_286' title='bbox 554 2118 592 2140; x_wconf 85' lang='lat' dir='ltr'><strong>n.</strong></span> <span class='ocrx_word' id='word_1_287' title='bbox 702 2103 855 2141; x_wconf 73' lang='lat' dir='ltr'><strong>aetatis.</strong></span> <span class='ocrx_word' id='word_1_288' title='bbox 907 2100 1046 2155; x_wconf 82' lang='lat' dir='ltr'><strong>Camp.</strong></span> <span class='ocrx_word' id='word_1_289' title='bbox 1081 2102 1174 2142; x_wconf 84' lang='lat' dir='ltr'><strong>add.</strong></span> <span class='ocrx_word' id='word_1_290' title='bbox 1205 2118 1310 2141; x_wconf 79' lang='lat' dir='ltr'><strong>suae.</strong></span> <span class='ocrx_word' id='word_1_291' title='bbox 1418 2101 1553 2158; x_wconf 77' lang='lat' dir='ltr'><strong>fi’lix.</strong></span> 
     </span>
     <span class='ocr_line' id='line_1_30' title="bbox 108 2167 971 2225; baseline 0 -17"><span class='ocrx_word' id='word_1_292' title='bbox 108 2167 232 2208; x_wconf 82' lang='lat' dir='ltr'><strong>Amb.</strong></span> <span class='ocrx_word' id='word_1_293' title='bbox 256 2173 292 2209; x_wconf 90' lang='lat'><strong>1.</strong></span> <span class='ocrx_word' id='word_1_294' title='bbox 315 2168 424 2207; x_wconf 86' lang='lat' dir='ltr'><strong>Flor.</strong></span> <span class='ocrx_word' id='word_1_295' title='bbox 455 2167 546 2208; x_wconf 83' lang='lat' dir='ltr'><strong>Par.</strong></span> <span class='ocrx_word' id='word_1_296' title='bbox 575 2173 611 2208; x_wconf 88' lang='lat'><strong>1.</strong></span> <span class='ocrx_word' id='word_1_297' title='bbox 631 2184 792 2223; x_wconf 90' lang='lat' dir='ltr'>quoque</span> <span class='ocrx_word' id='word_1_298' title='bbox 811 2167 971 2225; x_wconf 59' lang='lat' dir='ltr'><strong>isfilioe.</strong></span> 
     </span>
    </p>

    <p class='ocr_par' dir='ltr' id='par_1_5' title="bbox 111 2234 1555 2546">
     <span class='ocr_line' id='line_1_31' title="bbox 222 2234 1470 2288; baseline -0.002 -13"><span class='ocrx_word' id='word_1_299' title='bbox 222 2237 259 2287; x_wconf 85' lang='lat'><strong>§.</strong></span> <span class='ocrx_word' id='word_1_300' title='bbox 291 2241 330 2277; x_wconf 87' lang='lat'><strong>5.</strong></span> <span class='ocrx_word' id='word_1_301' title='bbox 392 2235 478 2288; x_wconf 81' lang='lat' dir='ltr'><strong>Ego</strong></span> <span class='ocrx_word' id='word_1_302' title='bbox 499 2235 563 2274; x_wconf 80' lang='lat' dir='ltr'><strong>vel</strong></span> <span class='ocrx_word' id='word_1_303' title='bbox 581 2235 668 2276; x_wconf 75' lang='lat' dir='ltr'><strong>hoc.</strong></span> <span class='ocrx_word' id='word_1_304' title='bbox 708 2235 816 2277; x_wconf 90' lang='lat' dir='ltr'><strong>Jens.</strong></span> <span class='ocrx_word' id='word_1_305' title='bbox 842 2245 881 2276; x_wconf 84' lang='lat' dir='ltr'><strong>et</strong></span> <span class='ocrx_word' id='word_1_306' title='bbox 901 2245 992 2276; x_wconf 77' lang='lat' dir='ltr'><strong>cett.</strong></span> <span class='ocrx_word' id='word_1_307' title='bbox 1015 2237 1066 2275; x_wconf 79' lang='lat' dir='ltr'><strong>ad</strong></span> <span class='ocrx_word' id='word_1_308' title='bbox 1086 2234 1188 2276; x_wconf 91' lang='lat' dir='ltr'><strong>Ald.</strong></span> <span class='ocrx_word' id='word_1_309' title='bbox 1213 2236 1287 2275; x_wconf 79' lang='lat' dir='ltr'><em>Jzoc</em></span> <span class='ocrx_word' id='word_1_310' title='bbox 1305 2251 1375 2288; x_wconf 77' lang='lat' dir='ltr'><strong>ego</strong></span> <span class='ocrx_word' id='word_1_311' title='bbox 1396 2234 1470 2274; x_wconf 77' lang='lat' dir='ltr'><strong>vcl.</strong></span> 
     </span>
     <span class='ocr_line' id='line_1_32' title="bbox 111 2302 1555 2358; baseline -0.001 -16"><span class='ocrx_word' id='word_1_312' title='bbox 111 2306 170 2342; x_wconf 84' lang='lat' dir='ltr'><strong>sic</strong></span> <span class='ocrx_word' id='word_1_313' title='bbox 193 2319 311 2343; x_wconf 81' lang='lat' dir='ltr'><strong>eram.</strong></span> <span class='ocrx_word' id='word_1_314' title='bbox 363 2302 498 2343; x_wconf 84' lang='lat' dir='ltr'><strong>Guelf.</strong></span> <span class='ocrx_word' id='word_1_315' title='bbox 521 2318 600 2342; x_wconf 90' lang='lat' dir='ltr'><strong>om.</strong></span> <span class='ocrx_word' id='word_1_316' title='bbox 625 2306 697 2343; x_wconf 80' lang='lat' dir='ltr'><strong>sic.</strong></span> <span class='ocrx_word' id='word_1_317' title='bbox 781 2314 923 2358; x_wconf 76' lang='lat' dir='ltr'><strong>posset.</strong></span> <span class='ocrx_word' id='word_1_318' title='bbox 971 2303 1079 2345; x_wconf 85' lang='lat' dir='ltr'><strong>Flor.</strong></span> <span class='ocrx_word' id='word_1_319' title='bbox 1101 2306 1243 2358; x_wconf 74' lang='lat' dir='ltr'><strong>posuit.</strong></span> <span class='ocrx_word' id='word_1_320' title='bbox 1299 2302 1438 2355; x_wconf 76' lang='lat' dir='ltr'><strong>Camp.</strong></span> <span class='ocrx_word' id='word_1_321' title='bbox 1460 2319 1555 2357; x_wconf 82' lang='lat' dir='ltr'><em>pos-</em></span> 
     </span>
     <span class='ocr_line' id='line_1_33' title="bbox 112 2369 1554 2428; baseline 0 -19"><span class='ocrx_word' id='word_1_322' title='bbox 112 2372 175 2410; x_wconf 82' lang='lat' dir='ltr'><strong>sit.</strong></span> <span class='ocrx_word' id='word_1_323' title='bbox 277 2371 396 2411; x_wconf 77' lang='lat' dir='ltr'><strong>cadit.</strong></span> <span class='ocrx_word' id='word_1_324' title='bbox 439 2370 575 2412; x_wconf 85' lang='lat' dir='ltr'><strong>Turio.</strong></span> <span class='ocrx_word' id='word_1_325' title='bbox 604 2371 760 2411; x_wconf 72' lang='lat' dir='ltr'><strong>cadunt.</strong></span> <span class='ocrx_word' id='word_1_326' title='bbox 843 2370 994 2428; x_wconf 80' lang='lat' dir='ltr'><strong><em>fimcia</em></strong></span> <span class='ocrx_word' id='word_1_327' title='bbox 1021 2374 1144 2410; x_wconf 80' lang='lat' dir='ltr'><strong>insan.</strong></span> <span class='ocrx_word' id='word_1_328' title='bbox 1192 2370 1301 2410; x_wconf 89' lang='lat' dir='ltr'><strong>Flor.</strong></span> <span class='ocrx_word' id='word_1_329' title='bbox 1331 2369 1423 2409; x_wconf 81' lang='lat' dir='ltr'><strong>Par.</strong></span> <span class='ocrx_word' id='word_1_330' title='bbox 1454 2374 1490 2409; x_wconf 90' lang='lat'><strong>1.</strong></span> <span class='ocrx_word' id='word_1_331' title='bbox 1513 2375 1554 2410; x_wconf 80' lang='lat'><strong>2.</strong></span> 
     </span>
     <span class='ocr_line' id='line_1_34' title="bbox 114 2437 1554 2493; baseline -0.001 -17"><span class='ocrx_word' id='word_1_332' title='bbox 114 2452 275 2491; x_wconf 85' lang='lat' dir='ltr'>quoque</span> <span class='ocrx_word' id='word_1_333' title='bbox 298 2437 344 2493; x_wconf 87' lang='lat' dir='ltr'><strong>f.</strong></span> <span class='ocrx_word' id='word_1_334' title='bbox 375 2440 518 2477; x_wconf 73' lang='lat' dir='ltr'><strong>sitias.</strong></span> <span class='ocrx_word' id='word_1_335' title='bbox 635 2441 792 2479; x_wconf 82' lang='lat' dir='ltr'><strong>marito.</strong></span> <span class='ocrx_word' id='word_1_336' title='bbox 846 2437 981 2479; x_wconf 85' lang='lat' dir='ltr'><strong>Guelf.</strong></span> <span class='ocrx_word' id='word_1_337' title='bbox 1011 2441 1050 2478; x_wconf 81' lang='lat' dir='ltr'><strong>in</strong></span> <span class='ocrx_word' id='word_1_338' title='bbox 1070 2441 1226 2478; x_wconf 80' lang='lat' dir='ltr'><strong>marito.</strong></span> <span class='ocrx_word' id='word_1_339' title='bbox 1345 2447 1472 2476; x_wconf 77' lang='lat' dir='ltr'><em>aetate</em></span> <span class='ocrx_word' id='word_1_340' title='bbox 1495 2453 1554 2476; x_wconf 83' lang='lat' dir='ltr'><strong>ca.</strong></span> 
     </span>
     <span class='ocr_line' id='line_1_35' title="bbox 114 2502 719 2546; baseline 0.005 -3"><span class='ocrx_word' id='word_1_341' title='bbox 114 2502 250 2543; x_wconf 83' lang='lat' dir='ltr'>Etiam</span> <span class='ocrx_word' id='word_1_342' title='bbox 267 2503 391 2544; x_wconf 87' lang='lat' dir='ltr'><strong>Amb.</strong></span> <span class='ocrx_word' id='word_1_343' title='bbox 417 2509 452 2543; x_wconf 83' lang='lat'><strong>1.</strong></span> <span class='ocrx_word' id='word_1_344' title='bbox 485 2515 611 2544; x_wconf 70' lang='lat' dir='ltr'><em>aetate</em></span> <span class='ocrx_word' id='word_1_345' title='bbox 626 2517 719 2546; x_wconf 76' lang='lat' dir='ltr'><strong>tam.</strong></span> 
     </span>
    </p>

    <p class='ocr_par' dir='ltr' id='par_1_6' title="bbox 118 2572 1553 2759">
     <span class='ocr_line' id='line_1_36' title="bbox 228 2572 1553 2627; baseline 0 -16"><span class='ocrx_word' id='word_1_346' title='bbox 228 2574 263 2624; x_wconf 83' lang='lat'><strong>§.</strong></span> <span class='ocrx_word' id='word_1_347' title='bbox 297 2576 335 2612; x_wconf 91' lang='grc'><strong>6.</strong></span> <span class='ocrx_word' id='word_1_348' title='bbox 396 2572 631 2614; x_wconf 66' lang='lat' dir='ltr'><strong>oblectabar.</strong></span> <span class='ocrx_word' id='word_1_349' title='bbox 690 2572 796 2614; x_wconf 86' lang='lat' dir='ltr'><strong>Flor.</strong></span> <span class='ocrx_word' id='word_1_350' title='bbox 827 2589 849 2613; x_wconf 86' lang='lat' dir='ltr'><strong>a</strong></span> <span class='ocrx_word' id='word_1_351' title='bbox 875 2590 934 2627; x_wconf 89' lang='lat' dir='ltr'><strong>pr.</strong></span> <span class='ocrx_word' id='word_1_352' title='bbox 961 2588 1018 2612; x_wconf 92' lang='lat' dir='ltr'><strong>m.</strong></span> <span class='ocrx_word' id='word_1_353' title='bbox 1048 2572 1301 2621; x_wconf 77' lang='lat' dir='ltr'><strong>orbitatibus,</strong></span> <span class='ocrx_word' id='word_1_354' title='bbox 1341 2587 1364 2611; x_wconf 91' lang='lat' dir='ltr'>a</span> <span class='ocrx_word' id='word_1_355' title='bbox 1391 2587 1468 2611; x_wconf 87' lang='lat' dir='ltr'><strong>sec.</strong></span> <span class='ocrx_word' id='word_1_356' title='bbox 1497 2587 1553 2612; x_wconf 91' lang='lat' dir='ltr'><strong>m.</strong></span> 
     </span>
     <span class='ocr_line' id='line_1_37' title="bbox 118 2637 1471 2696; baseline -0.001 -18"><span class='ocrx_word' id='word_1_357' title='bbox 118 2653 211 2679; x_wconf 84' lang='lat' dir='ltr'><strong>cum</strong></span> <span class='ocrx_word' id='word_1_358' title='bbox 233 2637 355 2680; x_wconf 83' lang='lat' dir='ltr'><strong>Amb.</strong></span> <span class='ocrx_word' id='word_1_359' title='bbox 381 2644 419 2679; x_wconf 85' lang='lat'><strong>1.</strong></span> <span class='ocrx_word' id='word_1_360' title='bbox 444 2643 603 2692; x_wconf 64' lang='lat' dir='ltr'>omittit,</span> <span class='ocrx_word' id='word_1_361' title='bbox 636 2641 678 2680; x_wconf 85' lang='lat' dir='ltr'><strong>id</strong></span> <span class='ocrx_word' id='word_1_362' title='bbox 697 2642 805 2696; x_wconf 89' lang='lat' dir='ltr'>quod</span> <span class='ocrx_word' id='word_1_363' title='bbox 825 2640 1081 2695; x_wconf 73' lang='lat' dir='ltr'>Spaldingius</span> <span class='ocrx_word' id='word_1_364' title='bbox 1105 2640 1256 2678; x_wconf 88' lang='lat' dir='ltr'><strong>dudum</strong></span> <span class='ocrx_word' id='word_1_365' title='bbox 1278 2641 1471 2678; x_wconf 83' lang='lat' dir='ltr'><strong>voluerat.</strong></span> 
     </span>
     <span class='ocr_line' id='line_1_38' title="bbox 120 2706 1470 2759; baseline 0.001 -14"><span class='ocrx_word' id='word_1_366' title='bbox 120 2717 226 2759; x_wconf 80' lang='lat' dir='ltr'><strong><em>erat,</em></strong></span> <span class='ocrx_word' id='word_1_367' title='bbox 268 2707 348 2749; x_wconf 76' lang='lat' dir='ltr'><strong>sed.</strong></span> <span class='ocrx_word' id='word_1_368' title='bbox 410 2706 546 2749; x_wconf 83' lang='lat' dir='ltr'><strong>Etiam</strong></span> <span class='ocrx_word' id='word_1_369' title='bbox 571 2708 695 2750; x_wconf 82' lang='lat' dir='ltr'><strong>Amb.</strong></span> <span class='ocrx_word' id='word_1_370' title='bbox 715 2713 752 2750; x_wconf 93' lang='lat'><strong>1.</strong></span> <span class='ocrx_word' id='word_1_371' title='bbox 782 2708 891 2751; x_wconf 89' lang='lat' dir='ltr'><strong>Flor.</strong></span> <span class='ocrx_word' id='word_1_372' title='bbox 920 2708 1009 2750; x_wconf 87' lang='lat' dir='ltr'><strong>Par.</strong></span> <span class='ocrx_word' id='word_1_373' title='bbox 1035 2713 1072 2747; x_wconf 91' lang='lat'><strong>1.</strong></span> <span class='ocrx_word' id='word_1_374' title='bbox 1093 2713 1132 2748; x_wconf 85' lang='lat'><strong>2.</strong></span> <span class='ocrx_word' id='word_1_375' title='bbox 1162 2709 1343 2748; x_wconf 81' lang='lat' dir='ltr'>inserunt</span> <span class='ocrx_word' id='word_1_376' title='bbox 1372 2722 1470 2746; x_wconf 75' lang='lat' dir='ltr'><strong>sera.</strong></span> 
     </span>
    </p>
   </div>
   <div class='ocr_carea' id='block_1_4' title="bbox 1014 2773 1097 2817">
    <p class='ocr_par' dir='ltr' id='par_1_7' title="bbox 1014 2773 1097 2817">
     <span class='ocr_line' id='line_1_39' title="bbox 1014 2773 1097 2817; baseline 0.012 -1"><span class='ocrx_word' id='word_1_377' title='bbox 1014 2773 1097 2817; x_wconf 84' lang='lat' dir='ltr'><strong>U2</strong></span> 
     </span>
    </p>
   </div>
  </div>
 </body>
</html>
