1775 3091
184 252 238 293 acl
257 252 387 306 Quint.
410 250 505 292 Ῑηει.
529 249 632 302 XII,
655 256 719 292 10.
742 253 776 305 §.
799 253 999 293 77-79.
1041 256 1110 312 113
1133 252 1164 307 ᾧ.
1185 256 1362 294 2-26.
1428 255 1507 299 451

180 367 218 418 §.
250 370 314 407 17.
372 381 486 420 quam
517 363 735 407 multorum.
780 363 849 406 Sic
880 363 973 406 Par.
1008 369 1071 417 1.,
1124 363 1194 405 sed
1226 362 1322 406 Par.
1352 372 1394 409 2.
1425 382 1505 411 om.

68 448 197 489 quam.
284 432 338 473 acl
364 449 462 474 eam.
509 431 579 473 Sic
606 431 698 473 Par.
734 437 772 473 1.
821 429 876 470 ad
899 448 966 472 eas
996 431 1090 473 Par.
1120 437 1161 474 2.
1248 438 1506 478 necessarium

69 512 141 542 est.
182 500 276 542 Par.
300 505 338 540 1.
359 505 401 541 2.
425 515 506 540 nec.
598 499 708 552 Quae
725 498 878 554 quidem
892 516 1107 554 possumus.
1157 497 1225 540 Sic
1241 497 1334 543 Par.
1356 508 1397 545 2.
1420 519 1502 546 sec.

68 583 126 608 m.
166 568 270 623 quod
297 567 446 622 quidem
471 577 597 621 potest
626 566 718 607 Par.
743 571 780 606 1.
804 571 842 607 2.
901 565 1069 622 [Itaque
1097 582 1253 621 prorsus
1280 570 1505 612 secundum

69 637 190 675 libros
220 650 310 675 mss.
338 634 591 674 scribendum
617 634 797 675 videtur:
831 633 1149 690 philosophorum
1175 650 1319 692 quoque
1346 636 1507 678 consul-

70 712 270 756 torumque
302 703 520 755 opiniones,
571 704 687 741 sicuii
713 700 823 749 alia,
874 700 1033 742 velimus
1063 700 1207 756 legere,
1257 719 1348 758 nec,
1400 704 1506 761 quod

69 767 222 823 quidem
238 779 363 823 potest
371 799 384 818 ,
413 771 546 809 omnia
559 800 570 820 ,
602 771 629 809 i.
650 785 685 809 e.
705 769 774 808 sed
794 783 846 808 ne
865 768 965 810 haec
986 771 1151 826 quidem
1169 774 1324 820 omnia,
1356 787 1504 827 quam-

68 839 126 875 vis
148 839 270 875 etiam
289 836 366 876 hoc
385 839 574 891 praestari
594 839 727 890 possit.
785 835 890 878 Nam
919 852 1036 890 supra
1060 838 1225 892 quidem
1243 841 1364 879 verba
1386 856 1506 895 quam

66 902 277 944 multorum
316 903 503 945 librorum
540 904 758 944 necessaria
794 901 908 944 lectio
946 915 1003 943 est
1028 905 1271 946 minuendae
1299 909 1359 946 rei
1385 921 1506 948 causa

68 972 176 1012 dicta
192 973 392 1023 videntur,
423 980 469 1012 ut
487 974 732 1024 intelligatur
751 985 834 1011 non
854 971 1072 1012 admodum
1093 975 1314 1014 multorum
1331 976 1506 1016 lectione

68 1053 167 1093 opus
187 1037 305 1093 esse]
373 1039 565 1097 facimus.
610 1038 704 1082 Par.
727 1044 763 1080 1.
781 1044 824 1080 2.
837 1038 1022 1097 ficimus.

181 1119 217 1170 §0
250 1122 316 1160 18.
374 1120 634 1173 impartimur.
683 1116 777 1159 Par.
805 1122 841 1157 1.
873 1123 914 1159 2.
945 1121 1156 1173 partimur.
1242 1119 1376 1159 trahat
1401 1119 1503 1162 inde.

66 1182 162 1225 Par.
195 1190 232 1225 1.
266 1187 478 1238 trajiciam.
528 1184 621 1226 Par.
651 1190 693 1226 2.
725 1187 884 1239 trajani.
972 1188 1218 1243 flagitiosus.
1266 1184 1359 1229 Par.
1394 1192 1433 1228 1.
1460 1192 1503 1230 2.

56 1253 248 1307 flagitiis.
333 1255 501 1294 animus.
546 1251 639 1293 Par.
671 1256 708 1292 1.
733 1257 772 1293 2.
801 1254 960 1292 animis.

181 1320 218 1372 §.
251 1325 320 1360 19.
376 1331 412 1359 et
432 1320 588 1360 diurna.
628 1318 720 1362 Par.
739 1324 776 1360 1.
797 1325 836 1360 2.
858 1329 900 1358 ut
917 1318 958 1359 ἄ.

180 1389 216 1437 §.
249 1393 317 1428 20.
377 1389 418 1427 ἰη
438 1386 590 1428 utendo.
631 1385 725 1427 Par.
749 1391 786 1426 1-
808 1391 848 1426 2.
877 1400 959 1426 om.

182 1454 222 1504 §.
251 1459 320 1495 21.
379 1470 478 1509 quae
495 1456 638 1494 omnia.
680 1452 772 1493 Par.
797 1457 835 1492 1.
860 1457 900 1493 2.
923 1468 1094 1507 quaeque
1115 1454 1246 1492 omnia
1265 1451 1364 1493 tulit.

205 1561 215 1571 .
246 1537 314 1573 22.
374 1542 490 1573 sorte.
529 1531 623 1572 Par.
645 1536 681 1571 1.
703 1535 742 1570 2.
754 1529 884 1586 forte.
966 1528 1274 1571 elaboraverunt.
1313 1529 1438 1572 Amb.
1467 1536 1507 1575 1.

69 1599 165 1655 (qui
183 1599 280 1638 hinc
303 1599 434 1639 denuo
454 1598 621 1652 incipit)
649 1597 914 1637 elaborarunt.

180 1677 217 1729 §.
248 1681 318 1719 23.
373 1677 441 1718 M.
473 1675 678 1717 Censorius
713 1674 828 1716 Cato.
886 1672 1012 1714 Amb.
1051 1679 1089 1714 1.
1124 1663 1192 1714 sss.
1231 1676 1355 1728 igitur
1392 1674 1505 1728 Cato,

69 1742 171 1784 idem
192 1760 359 1783 summus
378 1746 469 1798 imp.
496 1742 597 1783 idem
617 1745 783 1797 sapiens,
804 1740 905 1780 idem
924 1750 1061 1780 orator
1077 1743 1328 1781 memorabili
1350 1743 1508 1782 addita-

68 1820 218 1851 mento.
301 1813 471 1865 peritiss.
494 1813 604 1851 inter.
651 1807 991 1863 Interjiciturfuit
1009 1810 1129 1847 etiam
1151 1811 1195 1847 in
1224 1807 1318 1850 Par.
1343 1814 1381 1851 1.
1401 1814 1445 1852 2.
1466 1819 1508 1851 et

70 1881 244 1919 verisim.
282 1877 410 1918 Amb.
444 1883 482 1919 1.
532 1876 782 1918 Addendum
811 1877 931 1928 igitur
958 1875 1118 1915 videtur
1156 1885 1204 1914 et
1234 1878 1347 1917 inter.
1429 1875 1508 1918 litt.

73 1945 260 1985 Graecas.
309 1944 438 1985 Abest
460 1943 634 1984 Graecas
651 1946 772 1984 etiam
790 1945 838 1982 ab
854 1941 979 1983 Amb.
1004 1947 1040 1982 1.

182 2027 217 2077 §.
249 2025 316 2064 24.
375 2026 490 2062 immo
525 2024 635 2062 abest
660 2025 757 2062 item
785 2021 834 2061 ab
863 2019 988 2061 Amb.
1019 2025 1057 2061 1.
1115 2018 1169 2060 Et
1195 2021 1329 2061 abesse
1358 2030 1501 2075 potest,

69 2096 105 2132 si
146 2091 443 2146 pronuntiando
492 2091 788 2129 distinctionem
831 2089 985 2128 feceris.
1080 2097 1116 2125 et
1163 2089 1333 2127 rusticae
1376 2090 1505 2130 etiam.

69 2158 200 2200 Abest
228 2162 342 2198 eiiam
372 2161 420 2196 ab
449 2156 575 2198 Amb.
607 2162 646 2198 1.
704 2155 839 2197 Verba
867 2165 903 2194 et
922 2154 1139 2194 medicinae
1165 2157 1292 2196 omitt.
1322 2153 1414 2196 Par.
1439 2161 1477 2196 1.

184 2239 220 2288 §.
250 2241 319 2278 25.
375 2235 552 2274 arduum.
607 2233 676 2275 Sic
715 2242 755 2275 et
781 2232 910 2275 Amb.
944 2237 981 2273 1.
1021 2235 1108 2273 sine
1138 2241 1208 2272 est.
1284 2231 1366 2272 Sed
1394 2233 1506 2274 idem

70 2307 219 2345 omittit
240 2320 316 2344 non
338 2312 429 2342 ante
449 2302 599 2342 cadere.
640 2299 733 2342 Par.
752 2305 793 2341 2.
813 2316 892 2341 sec.
915 2315 968 2340 m.
997 2315 1073 2340 non
1096 2314 1236 2353 capere
1254 2298 1310 2340 id.
1349 2298 1441 2340 Par.
1463 2305 1503 2342 1.

71 2389 207 2426 cupere
234 2370 288 2411 id.
394 2378 438 2408 ut
466 2367 665 2424 quidquid.
713 2366 837 2409 Amb.
871 2372 910 2408 1.
949 2377 987 2405 et
1020 2364 1217 2422 quicquid·
1312 2365 1504 2408 habuisse.

70 2439 141 2481 Sic
161 2439 253 2479 Par.
276 2443 312 2479 1.
341 2443 379 2479 2.
428 2436 631 2477 habuerint
663 2435 754 2477 Par.
783 2440 824 2477 2.
854 2450 932 2476 sec.
951 2447 1060 2474 man.
1108 2448 1197 2472 cum
1213 2455 1268 2464 —
1287 2431 1507 2474 habuissent

71 2506 199 2547 Amb.
222 2511 263 2545 1.

185 2585 222 2635 ξ.
253 2587 321 2624 26.
382 2582 575 2634 Quantum
592 2583 691 2621 enim
706 2580 852 2634 po‘e'sis.
890 2577 960 2620 Sic
980 2576 1073 2620 Par.
1095 2583 1136 2619 2.
1159 2590 1237 2617 sec.
1254 2591 1311 2618 m.
1357 2592 1448 2617 nam
1469 2589 1506 2617 et

72 2661 207 2706 poetas
243 2649 322 2690 Par
341 2654 377 2688 1.
398 2653 441 2690 2.
487 2664 576 2688 nam
603 2659 640 2687 et
669 2649 791 2688 etiam
817 2644 942 2687 Amb.
975 2649 1013 2685 1.
1116 2653 1396 2698 praeceptores.
1436 2642 1505 2686 Sio

74 2719 166 2760 Par.
186 2723 226 2760 2.
257 2715 380 2758 Amb.
407 2720 444 2756 1.
501 2723 750 2769 praeceptore
770 2711 864 2755 Par.
888 2717 930 2754 1.

933 2778 965 2818 F
981 2780 1002 2818 f
1024 2783 1051 2820 2
