1775 3091
408 226 461 266 αιῖ
492 223 659 279 Quintil.
690 221 819 264 Instit.
853 222 885 271 1,
917 227 956 263 ὃ.
991 222 1027 273 §.
1059 222 1257 262 26—34.
1505 229 1558 265 47

111 341 247 383 Guelf.
306 343 342 382 εἰ
371 340 444 381 illa
472 356 527 381 ex
567 339 695 381 Amb.
725 343 765 379 2.
804 336 921 378 Voss.
957 342 994 377 1.
1026 341 1063 377 3.
1133 334 1207 376 illa
1243 350 1322 375 om.
1355 334 1481 378 Amb.
1520 344 1557 379 1.

193 412 487 464 praecipueque.
562 425 635 463 que
672 422 756 447 om.
799 404 940 459 Camp.
983 404 1094 445 Sich.
1213 402 1372 458 Pythici
1408 404 1561 445 habent

109 481 233 517 etiam
272 477 409 517 Turio.
450 475 558 517 Flor.
598 474 725 516 Amb.
763 479 799 514 1.
836 479 876 514 2.
950 473 1101 512 Pitlzici
1146 471 1272 513 Paris.
1305 477 1342 512 1.
1377 478 1415 512 2.
1447 480 1486 513 5.
1519 480 1557 514 6.

105 546 258 600 plzytici
297 543 438 599 Camp.
508 542 602 598 [Cf.
633 543 758 597 praef.
789 537 929 582 Vol.I
958 557 996 595 p.
1017 538 1247 582 LXXVII.
1289 539 1375 593 Ego
1407 555 1560 581 nomen

108 613 340 653 Romanum
370 613 480 668 quod
507 614 668 666 propius
697 610 863 650 accedat
893 610 943 648 ad
974 610 1089 650 codd.
1121 611 1357 662 scripturam
1384 624 1468 649 non
1492 613 1561 649 in-

107 684 226 722 venio
263 690 419 734 praeter
454 680 603 730 Petici,
653 679 763 733 quod
805 692 1030 730 cognomen
1073 687 1130 717 est
1163 679 1207 718 C.
1239 680 1408 731 Sulpicii
1437 682 1562 733 quin-

107 753 220 804 quies
259 747 460 789 Consulis.
540 746 623 788 Sed
669 748 716 787 de
767 749 920 800 origine
960 750 1042 797 ejus
1081 747 1269 786 historica
1305 746 1417 785 nihil
1454 749 1562 800 apud

108 827 287 857 auctores
319 825 450 867 extat,
503 818 693 869 suspicari
722 824 860 855 tamen
890 818 1038 868 POSSIS,
1081 815 1191 868 quod
1221 817 1474 854 consulatum
1502 825 1563 855 ter

105 894 245 924 contra
282 888 414 938 legem
451 882 655 924 Liciniam
691 893 864 937 peieret,
915 883 1094 924 invisum
1135 884 1245 936 plebi
1289 882 1422 923 fuisse.
1495 882 1559 924 Cf.

106 951 273 993 Livium
304 954 354 992 ad
387 967 510 992 annos
537 967 577 992 u.
601 967 634 992 c.
659 956 753 992 399.
775 953 871 992 401.
894 952 990 992 403.
1050 950 1347 991 Verumtamen
1367 953 1562 1005 quoniam

105 1024 220 1060 nobis
239 1036 324 1060 non
343 1036 472 1060 novae
490 1023 702 1060 verborum
723 1022 893 1072 origines
913 1020 1165 1072 indagandae
1186 1027 1293 1070 sunt,
1314 1019 1384 1058 sed
1409 1034 1429 1058 a
1450 1029 1563 1059 vete-

106 1092 212 1129 ribus
237 1091 512 1143 frequentatae
531 1087 812 1136 restituendae,
842 1087 948 1125 nihil
967 1088 1125 1125 videtur
1145 1089 1274 1139 aptius
1296 1102 1378 1126 esse
1396 1091 1563 1127 nomine

108 1157 355 1204 Potitiorum,
388 1156 437 1195 de
459 1157 602 1210 quibus
623 1151 765 1193 Livius
786 1156 854 1193 lib.
867 1151 900 1203 I,
919 1158 945 1193 7
976 1162 1014 1192 et
1032 1151 1112 1201 IX,
1135 1158 1202 1193 29.
1246 1152 1462 1206 Originem
1480 1159 1563 1207 ejus

104 1227 279 1265 nominis
302 1239 394 1264 omn
410 1226 493 1276 ipse
513 1220 654 1262 Livius
673 1224 881 1274 significet,
906 1230 994 1260 tum
1015 1221 1196 1259 disertius
1214 1223 1386 1261 illustrat
1401 1221 1563 1263 Serv-ins

106 1294 157 1333 ad
177 1290 342 1345 Virgilii
358 1290 467 1331 Aen.
487 1288 604 1341 VIII,
630 1294 727 1340 269,
758 1292 952 1328 nimirum
973 1289 1082 1344 quod
1102 1292 1145 1327 in
1167 1290 1357 1328 sacrificio
1378 1288 1563 1330 Herculis

105 1364 207 1401 extis
226 1362 344 1415 potiti
362 1362 455 1409 sint,
484 1359 655 1401 Pinariis
676 1360 816 1397 πεινᾶν
834 1356 980 1410 jussis]
1097 1356 1235 1397 Italia.
1297 1359 1338 1395 in
1359 1357 1411 1398 It.
1434 1357 1560 1399 Amb.

110 1435 145 1469 1.
242 1428 524 1478 Belzevcnium,·
566 1443 678 1481 quae.
740 1427 1057 1480 beneventumque
1072 1424 1201 1466 Amb.
1225 1430 1262 1465 1.
1282 1424 1390 1467 Flor.
1419 1425 1560 1481 Camp.

192 1506 227 1535 et
251 1505 342 1535 ante
363 1494 502 1535 collem
520 1498 596 1534 ins.
621 1493 758 1534 Turio.
775 1493 883 1545 Flor.
902 1492 1029 1534 Aan.
1045 1500 1081 1534 1.
1103 1493 1219 1534 Alm.
1247 1490 1371 1534 Goth.
1389 1493 1508 1535 Voss.
1521 1502 1561 1537 2.

108 1565 248 1618 Camp.
280 1563 390 1603 Jens.
423 1572 462 1602 et
493 1563 584 1602 edd.
615 1572 779 1616 posterr.
811 1571 903 1602 ante
931 1563 1058 1614 Bad.‚
1099 1577 1181 1602 acc.
1217 1563 1328 1603 Sich.

217 1637 253 1686 §.
287 1637 354 1672 32.
415 1633 482 1686 qui
506 1631 638 1671 verba.
700 1647 797 1685 quac
828 1646 865 1670 υ.
899 1629 1036 1671 Turio.
1069 1629 1178 1670 Flor.
1210 1629 1338 1671 Aan.
1360 1637 1399 1671 2.
1428 1629 1562 1672 Guelf.

104 1699 223 1740 Voss.
247 1705 285 1741 1.
325 1698 450 1740 Bern.
491 1698 614 1740 Goth.
647 1697 787 1752 Camp.
819 1697 927 1738 Jens.
961 1697 1080 1739 Tarv.
1109 1696 1210 1739 Loc.
1240 1698 1350 1738 Ven.
1413 1701 1482 1754 qui
1510 1715 1564 1740 ex

104 1767 225 1822 Regii
257 1769 538 1807 emendatione
568 1776 640 1807 est.
731 1783 829 1821 quac
854 1765 1080 1820 paululum,
1112 1783 1191 1807 om.
1214 1767 1333 1806 verba
1362 1765 1491 1808 Amb.
1522 1772 1564 1807 1.

193 1835 428 1891 syllabisve3
468 1836 567 1875 inde.
628 1834 767 1874 Turio.
798 1833 962 1888 syllabis
990 1844 1031 1872 ut
1063 1834 1152 1872 inde
1185 1832 1264 1888 (al.
1285 1849 1342 1875 m.
1365 1849 1465 1875 corr.
1487 1832 1561 1890 in).

104 1905 216 1944 Haec
247 1907 365 1944 lectio
393 1907 437 1943 in
466 1902 684 1955 Argentor.
714 1904 834 1940 fuisse
862 1901 1044 1951 videtur,
1086 1910 1127 1941 et
1155 1917 1206 1940 ex
1237 1917 1283 1940 ea
1315 1901 1418 1943 Obr.
1446 1918 1564 1942 suam

106 1975 308 2012 effecisse:
356 1971 596 2026 syllabisve,
638 1980 679 2008 ui
710 1972 751 2008 in
776 1984 891 2023 parv.
921 1991 978 1998 —-·
1008 1967 1204 2010 ἶαῦαηίιιν.
1320 1969 1561 2011 dilabuntur.

106 2040 291 2080 labuntur
330 2043 450 2079 etiam
482 2037 606 2078 Paris.
637 2043 675 2078 6.
706 2036 844 2077 Turic.
874 2036 982 2076 Flor.
1015 2035 1142 2077 Amb.
1177 2042 1214 2077 1.
1247 2036 1358 2078 Sich.
1420 2037 1563 2077 laban-

107 2121 171 2148 tur
200 2107 301 2148 Tur.
333 2121 357 2146 a
377 2122 456 2147 sec.
477 2122 533 2146 m.
571 2104 709 2159 Camp.
825 2107 878 2143 sit
898 2107 997 2144 enim
1014 2121 1148 2158 cons.‚·
1187 2108 1244 2145 ita
1265 2106 1419 2146 habent
1439 2109 1562 2146 etiam

105 2177 231 2218 Paris.
257 2181 294 2216 1.
315 2181 354 2217 2.
385 2174 486 2215 Tur.
517 2173 645 2215 Amb.
671 2179 707 2213 1.
731 2179 772 2214 2.
814 2176 906 2214 fort.
943 2172 1109 2227 Ca111p.;
1149 2172 1257 2214 Flor.
1279 2176 1430 2225 siletur,
1462 2189 1563 2214 con-

105 2248 269 2284 ferentis
309 2245 485 2297 profecto
519 2244 781 2295 negligentia.
896 2241 980 2294 veZ7·
1026 2245 1082 2281 ita
1120 2245 1242 2281 etiam
1281 2241 1420 2282 Turic.
1449 2240 1558 2282 Flor.

106 2312 233 2352 Amb.
258 2317 295 2351 1.
316 2317 357 2352 2.
393 2309 534 2364 Camp.
651 2309 957 2364 appellaverunt.
1016 2320 1254 2349 vocaverunt
1286 2308 1425 2350 Turic.
1450 2309 1557 2349 Flor.

109 2378 233 2420 Goth.
263 2379 381 2418 Voss.
401 2385 442 2419 2.
476 2378 616 2432 Camp.
646 2378 756 2419 Jens.
788 2387 828 2418 et
854 2379 946 2418 edd.
978 2387 1142 2432 posterr.
1174 2386 1266 2417 ante
1291 2375 1448 2428 Stoma,
1476 2391 1558 2416 acc.

110 2450 210 2488 Obr.
257 2449 348 2486 fort.
379 2445 506 2486 Amb.
528 2451 566 2486 1.

219 2517 255 2568 §.
288 2519 356 2554 33.
412 2517 494 2566 jam
522 2517 574 2553 sit
603 2524 639 2553 et
669 2513 786 2555 class.
848 2517 935 2569 jam
963 2516 1014 2553 sit
1044 2524 1086 2552 ut
1115 2511 1163 2552 εἷ.
1205 2511 1313 2552 Flor.
1361 2510 1488 2553 Amb,
1520 2517 1557 2551 1.

107 2581 223 2623 Ahn.
276 2585 309 2636 j.
329 2584 388 2637 fit
413 2592 454 2620 ut
485 2581 536 2622 cl.
567 2581 705 2622 Turic.
741 2581 881 2636 Camp.
936 2585 967 2636 j
1000 2584 1036 2621 si
1063 2583 1165 2620 sicut
1192 2579 1244 2620 cl.
1286 2578 1387 2621 Obr.

225 2651 262 2702 §.
296 2651 364 2690 34.
424 2652 494 2691 int.
528 2661 620 2690 rect,
650 2667 730 2704 seq.
765 2653 856 2706 imp.
888 2661 1012 2690 contr.
1070 2649 1182 2690 Haec
1210 2651 1378 2688 insififia
1406 2648 1561 2688 habent

112 2721 233 2759 etiam
265 2722 401 2760 Turic.
432 2717 540 2759 Flor.
569 2717 696 2759 Amb.
719 2725 756 2758 1.
789 2719 929 2772 (lamp.
958 2717 1050 2759 Par,
1074 2722 1137 2770 1.3
1179 2719 1308 2756 omitt.
1338 2714 1430 2757 Par.
1450 2722 1490 2758 2.
1516 2721 1554 2755 6.
