<?xml version="1.0" encoding="UTF-8"?>
<!DOCTYPE html PUBLIC "-//W3C//DTD XHTML 1.0 Transitional//EN"
    "http://www.w3.org/TR/xhtml1/DTD/xhtml1-transitional.dtd">
<html xmlns="http://www.w3.org/1999/xhtml" xml:lang="en" lang="en">
 <head>
  <title>
</title>
<meta http-equiv="Content-Type" content="text/html;charset=utf-8" />
  <meta name='ocr-system' content='tesseract 3.04.00' />
  <meta name='ocr-capabilities' content='ocr_page ocr_carea ocr_par ocr_line ocrx_word'/>
</head>
<body>
  <div class='ocr_page' id='page_1' title='image "./lexiconquintilia05bonnuoft_0100.png"; bbox 0 0 1775 3091; ppageno 0'>
   <div class='ocr_carea' id='block_1_1' title="bbox 201 239 1187 297">
    <p class='ocr_par' dir='ltr' id='par_1_1' title="bbox 201 239 1187 297">
     <span class='ocr_line' id='line_1_1' title="bbox 201 239 1187 297; baseline -0.001 -14"><span class='ocrx_word' id='word_1_1' title='bbox 201 247 253 283; x_wconf 87' lang='lat'><strong>58</strong></span> <span class='ocrx_word' id='word_1_2' title='bbox 633 239 901 297; x_wconf 76' lang='lat' dir='ltr'><strong><em>Supplementa</em></strong></span> <span class='ocrx_word' id='word_1_3' title='bbox 928 243 1187 283; x_wconf 63' lang='lat' dir='ltr'><strong><em>annotationis</em></strong></span> 
     </span>
    </p>
   </div>
   <div class='ocr_carea' id='block_1_2' title="bbox 186 354 1629 1354">
    <p class='ocr_par' dir='ltr' id='par_1_2' title="bbox 195 354 1629 613">
     <span class='ocr_line' id='line_1_2' title="bbox 198 354 1627 407; baseline 0.001 -12"><span class='ocrx_word' id='word_1_4' title='bbox 198 354 343 396; x_wconf 73' lang='lat' dir='ltr'>Latine</span> <span class='ocrx_word' id='word_1_5' title='bbox 385 357 479 396; x_wconf 68' lang='lat' dir='ltr'><strong>dicit</strong></span> <span class='ocrx_word' id='word_1_6' title='bbox 517 366 636 396; x_wconf 72' lang='lat' dir='ltr'><strong><em>artem</em></strong></span> <span class='ocrx_word' id='word_1_7' title='bbox 663 356 976 407; x_wconf 75' lang='lat' dir='ltr'><strong><em>grammaticam.</em></strong></span> <span class='ocrx_word' id='word_1_8' title='bbox 1090 355 1186 397; x_wconf 75' lang='lat' dir='ltr'><strong><em>rhet.</em></strong></span> <span class='ocrx_word' id='word_1_9' title='bbox 1217 355 1322 397; x_wconf 75' lang='lat' dir='ltr'><strong><em>trad.</em></strong></span> <span class='ocrx_word' id='word_1_10' title='bbox 1352 354 1489 399; x_wconf 78' lang='lat' dir='ltr'><strong>Turio.</strong></span> <span class='ocrx_word' id='word_1_11' title='bbox 1518 354 1627 398; x_wconf 72' lang='lat' dir='ltr'><strong>Flor.</strong></span> 
     </span>
     <span class='ocr_line' id='line_1_3' title="bbox 196 421 1629 479; baseline 0.001 -17"><span class='ocrx_word' id='word_1_12' title='bbox 196 423 319 464; x_wconf 88' lang='lat' dir='ltr'><strong>Amb.</strong></span> <span class='ocrx_word' id='word_1_13' title='bbox 357 429 393 463; x_wconf 88' lang='lat'><strong>1.</strong></span> <span class='ocrx_word' id='word_1_14' title='bbox 431 423 540 464; x_wconf 76' lang='lat' dir='ltr'><strong>JeHS.</strong></span> <span class='ocrx_word' id='word_1_15' title='bbox 580 431 618 461; x_wconf 86' lang='lat' dir='ltr'><strong>et</strong></span> <span class='ocrx_word' id='word_1_16' title='bbox 657 421 745 460; x_wconf 88' lang='lat' dir='ltr'><strong>edd.</strong></span> <span class='ocrx_word' id='word_1_17' title='bbox 786 432 885 474; x_wconf 83' lang='lat' dir='ltr'><strong>post.</strong></span> <span class='ocrx_word' id='word_1_18' title='bbox 924 432 1015 462; x_wconf 79' lang='lat' dir='ltr'>aute</span> <span class='ocrx_word' id='word_1_19' title='bbox 1053 422 1157 463; x_wconf 74' lang='lat' dir='ltr'><strong>Bad.</strong></span> <span class='ocrx_word' id='word_1_20' title='bbox 1271 423 1454 479; x_wconf 81' lang='lat' dir='ltr'><strong>enclycon</strong></span> <span class='ocrx_word' id='word_1_21' title='bbox 1487 422 1629 479; x_wconf 71' lang='lat' dir='ltr'><em>pcdian</em></span> 
     </span>
     <span class='ocr_line' id='line_1_4' title="bbox 195 487 1627 547; baseline 0.001 -17"><span class='ocrx_word' id='word_1_22' title='bbox 195 491 332 531; x_wconf 77' lang='lat' dir='ltr'><strong>Tul-ic.</strong></span> <span class='ocrx_word' id='word_1_23' title='bbox 364 491 462 547; x_wconf 86' lang='lat' dir='ltr'>(err.</span> <span class='ocrx_word' id='word_1_24' title='bbox 494 487 659 544; x_wconf 78' lang='lat' dir='ltr'>Spald.)</span> <span class='ocrx_word' id='word_1_25' title='bbox 689 487 798 528; x_wconf 86' lang='lat' dir='ltr'>Flor.</span> <span class='ocrx_word' id='word_1_26' title='bbox 855 487 1043 544; x_wconf 71' lang='grc' dir='ltr'><em>ἔγκυκλον</em></span> <span class='ocrx_word' id='word_1_27' title='bbox 1072 490 1257 532; x_wconf 74' lang='grc' dir='ltr'><em>παιδείαν</em></span> <span class='ocrx_word' id='word_1_28' title='bbox 1285 491 1393 533; x_wconf 84' lang='lat' dir='ltr'>Flor.</span> <span class='ocrx_word' id='word_1_29' title='bbox 1424 506 1446 532; x_wconf 85' lang='lat' dir='ltr'>a</span> <span class='ocrx_word' id='word_1_30' title='bbox 1473 507 1550 532; x_wconf 82' lang='lat' dir='ltr'><strong>sec.</strong></span> <span class='ocrx_word' id='word_1_31' title='bbox 1570 506 1627 532; x_wconf 87' lang='lat' dir='ltr'><strong>m.</strong></span> 
     </span>
     <span class='ocr_line' id='line_1_5' title="bbox 197 556 677 613; baseline -0.008 -13"><span class='ocrx_word' id='word_1_32' title='bbox 197 557 351 613; x_wconf 70' lang='lat' dir='ltr'><strong>Gryph-</strong></span> <span class='ocrx_word' id='word_1_33' title='bbox 387 557 524 611; x_wconf 85' lang='lat' dir='ltr'>Camp.</span> <span class='ocrx_word' id='word_1_34' title='bbox 555 556 677 596; x_wconf 78' lang='lat' dir='ltr'><strong>Tarv.</strong></span> 
     </span>
    </p>

    <p class='ocr_par' dir='ltr' id='par_1_3' title="bbox 190 621 1629 950">
     <span class='ocr_line' id='line_1_6' title="bbox 307 621 1629 682; baseline -0.001 -16"><span class='ocrx_word' id='word_1_35' title='bbox 307 627 344 677; x_wconf 87' lang='lat'><strong>§.</strong></span> <span class='ocrx_word' id='word_1_36' title='bbox 377 632 416 667; x_wconf 86' lang='lat'><strong>2.</strong></span> <span class='ocrx_word' id='word_1_37' title='bbox 473 623 616 664; x_wconf 77' lang='lat' dir='ltr'><em>studia.</em></span> <span class='ocrx_word' id='word_1_38' title='bbox 676 621 761 664; x_wconf 86' lang='lat' dir='ltr'><strong>Adi</strong></span> <span class='ocrx_word' id='word_1_39' title='bbox 799 628 922 680; x_wconf 80' lang='lat' dir='ltr'>praef&#39;.</span> <span class='ocrx_word' id='word_1_40' title='bbox 951 624 1099 668; x_wconf 90' lang='lat' dir='ltr'>·Vol.I</span> <span class='ocrx_word' id='word_1_41' title='bbox 1132 643 1172 682; x_wconf 91' lang='lat' dir='ltr'><strong>p.</strong></span> <span class='ocrx_word' id='word_1_42' title='bbox 1202 625 1402 669; x_wconf 87' lang='lat' dir='ltr'>LXXIX</span> <span class='ocrx_word' id='word_1_43' title='bbox 1443 627 1492 667; x_wconf 80' lang='lat' dir='ltr'><strong>de</strong></span> <span class='ocrx_word' id='word_1_44' title='bbox 1530 641 1629 666; x_wconf 87' lang='lat' dir='ltr'>con-</span> 
     </span>
     <span class='ocr_line' id='line_1_7' title="bbox 191 689 1629 751; baseline 0.001 -18"><span class='ocrx_word' id='word_1_45' title='bbox 191 698 340 746; x_wconf 75' lang='lat' dir='ltr'>iectura</span> <span class='ocrx_word' id='word_1_46' title='bbox 385 693 538 733; x_wconf 82' lang='lat' dir='ltr'>Klotzii</span> <span class='ocrx_word' id='word_1_47' title='bbox 585 689 730 732; x_wconf 77' lang='lat' dir='ltr'><em>stadia.</em></span> <span class='ocrx_word' id='word_1_48' title='bbox 849 693 1048 750; x_wconf 69' lang='lat' dir='ltr'><strong>perfictae</strong></span> <span class='ocrx_word' id='word_1_49' title='bbox 1082 719 1139 728; x_wconf 89' lang='lat'><strong>--·</strong></span> <span class='ocrx_word' id='word_1_50' title='bbox 1174 707 1360 751; x_wconf 75' lang='lat' dir='ltr'><strong>possun15</strong></span> <span class='ocrx_word' id='word_1_51' title='bbox 1409 698 1463 736; x_wconf 84' lang='lat' dir='ltr'><strong>ita</strong></span> <span class='ocrx_word' id='word_1_52' title='bbox 1509 697 1629 735; x_wconf 68' lang='lat' dir='ltr'><strong>esiam</strong></span> 
     </span>
     <span class='ocr_line' id='line_1_8' title="bbox 191 756 1626 815; baseline -0.001 -14"><span class='ocrx_word' id='word_1_53' title='bbox 191 761 298 802; x_wconf 86' lang='lat' dir='ltr'>Flor.</span> <span class='ocrx_word' id='word_1_54' title='bbox 340 760 464 800; x_wconf 85' lang='lat' dir='ltr'><strong>Amb.</strong></span> <span class='ocrx_word' id='word_1_55' title='bbox 497 764 534 798; x_wconf 91' lang='lat'><strong>1.</strong></span> <span class='ocrx_word' id='word_1_56' title='bbox 564 764 604 799; x_wconf 87' lang='lat'><strong>2.</strong></span> <span class='ocrx_word' id='word_1_57' title='bbox 642 756 739 813; x_wconf 82' lang='lat' dir='ltr'>(qui</span> <span class='ocrx_word' id='word_1_58' title='bbox 776 768 910 799; x_wconf 81' lang='lat' dir='ltr'>tamen</span> <span class='ocrx_word' id='word_1_59' title='bbox 951 765 1078 802; x_wconf 60' lang='lat' dir='ltr'>omitt.</span> <span class='ocrx_word' id='word_1_60' title='bbox 1118 779 1192 802; x_wconf 83' lang='grc' dir='ltr'><strong>ηοη</strong></span> <span class='ocrx_word' id='word_1_61' title='bbox 1230 779 1322 803; x_wconf 82' lang='lat' dir='ltr'><strong>cum</strong></span> <span class='ocrx_word' id='word_1_62' title='bbox 1361 762 1463 804; x_wconf 82' lang='lat' dir='ltr'><strong>Bad.</strong></span> <span class='ocrx_word' id='word_1_63' title='bbox 1501 760 1626 815; x_wconf 87' lang='lat' dir='ltr'><strong>Vid.)</strong></span> 
     </span>
     <span class='ocr_line' id='line_1_9' title="bbox 190 824 1625 884; baseline -0.002 -14"><span class='ocrx_word' id='word_1_64' title='bbox 190 828 280 870; x_wconf 81' lang='lat' dir='ltr'><strong>Par.</strong></span> <span class='ocrx_word' id='word_1_65' title='bbox 305 833 341 867; x_wconf 90' lang='lat'><strong>1.</strong></span> <span class='ocrx_word' id='word_1_66' title='bbox 363 834 402 867; x_wconf 85' lang='lat'><strong>2.</strong></span> <span class='ocrx_word' id='word_1_67' title='bbox 431 831 469 867; x_wconf 85' lang='lat'><strong>6.</strong></span> <span class='ocrx_word' id='word_1_68' title='bbox 501 824 664 879; x_wconf 81' lang='lat' dir='ltr'><strong>Camp.;</strong></span> <span class='ocrx_word' id='word_1_69' title='bbox 695 825 814 880; x_wconf 80' lang='lat' dir='ltr'>Regii</span> <span class='ocrx_word' id='word_1_70' title='bbox 845 831 1111 878; x_wconf 81' lang='lat' dir='ltr'><strong>conjecturam</strong></span> <span class='ocrx_word' id='word_1_71' title='bbox 1132 832 1282 883; x_wconf 85' lang='lat' dir='ltr'>primus</span> <span class='ocrx_word' id='word_1_72' title='bbox 1301 833 1449 884; x_wconf 86' lang='lat' dir='ltr'><strong>recepit</strong></span> <span class='ocrx_word' id='word_1_73' title='bbox 1473 828 1625 871; x_wconf 80' lang='lat' dir='ltr'><strong>Cervic.</strong></span> 
     </span>
     <span class='ocr_line' id='line_1_10' title="bbox 190 891 748 950; baseline 0.002 -17"><span class='ocrx_word' id='word_1_74' title='bbox 190 898 294 949; x_wconf 56' lang='lat' dir='ltr'>(nisi</span> <span class='ocrx_word' id='word_1_75' title='bbox 321 897 419 934; x_wconf 81' lang='lat' dir='ltr'><strong>forte</strong></span> <span class='ocrx_word' id='word_1_76' title='bbox 450 897 529 945; x_wconf 81' lang='lat' dir='ltr'><strong>jam</strong></span> <span class='ocrx_word' id='word_1_77' title='bbox 556 892 659 933; x_wconf 85' lang='lat' dir='ltr'>Bad.</span> <span class='ocrx_word' id='word_1_78' title='bbox 681 891 748 950; x_wconf 81' lang='lat'><strong>2.)</strong></span> 
     </span>
    </p>

    <p class='ocr_par' dir='ltr' id='par_1_4' title="bbox 186 961 1628 1220">
     <span class='ocr_line' id='line_1_11' title="bbox 302 961 1626 1016; baseline 0.002 -14"><span class='ocrx_word' id='word_1_79' title='bbox 302 964 340 1013; x_wconf 84' lang='lat'><strong>§.</strong></span> <span class='ocrx_word' id='word_1_80' title='bbox 371 968 411 1002; x_wconf 82' lang='lat'><strong>3.</strong></span> <span class='ocrx_word' id='word_1_81' title='bbox 477 961 617 1010; x_wconf 79' lang='lat' dir='ltr'><em>ducta,</em></span> <span class='ocrx_word' id='word_1_82' title='bbox 670 976 751 1004; x_wconf 83' lang='lat' dir='ltr'><strong>om.</strong></span> <span class='ocrx_word' id='word_1_83' title='bbox 802 964 864 1010; x_wconf 83' lang='lat' dir='ltr'><strong>in,</strong></span> <span class='ocrx_word' id='word_1_84' title='bbox 925 965 1045 1002; x_wconf 83' lang='lat' dir='ltr'>etiam</span> <span class='ocrx_word' id='word_1_85' title='bbox 1095 961 1203 1004; x_wconf 90' lang='lat' dir='ltr'>Flor.</span> <span class='ocrx_word' id='word_1_86' title='bbox 1248 963 1372 1006; x_wconf 84' lang='lat' dir='ltr'>Paris.</span> <span class='ocrx_word' id='word_1_87' title='bbox 1406 969 1443 1007; x_wconf 84' lang='lat'><strong>1.</strong></span> <span class='ocrx_word' id='word_1_88' title='bbox 1486 961 1626 1016; x_wconf 76' lang='lat' dir='ltr'>Camp-</span> 
     </span>
     <span class='ocr_line' id='line_1_12' title="bbox 187 1029 1628 1085; baseline -0.001 -14"><span class='ocrx_word' id='word_1_89' title='bbox 187 1030 312 1071; x_wconf 78' lang='lat' dir='ltr'><strong>Amb.</strong></span> <span class='ocrx_word' id='word_1_90' title='bbox 336 1035 373 1070; x_wconf 84' lang='lat'><strong>1.</strong></span> <span class='ocrx_word' id='word_1_91' title='bbox 405 1045 427 1069; x_wconf 85' lang='lat' dir='ltr'>a</span> <span class='ocrx_word' id='word_1_92' title='bbox 446 1046 523 1070; x_wconf 88' lang='lat' dir='ltr'><strong>sec.</strong></span> <span class='ocrx_word' id='word_1_93' title='bbox 544 1046 599 1070; x_wconf 89' lang='lat' dir='ltr'><strong>m.</strong></span> <span class='ocrx_word' id='word_1_94' title='bbox 633 1029 766 1085; x_wconf 85' lang='lat' dir='ltr'>(prius</span> <span class='ocrx_word' id='word_1_95' title='bbox 797 1038 879 1069; x_wconf 84' lang='lat' dir='ltr'>erat</span> <span class='ocrx_word' id='word_1_96' title='bbox 908 1029 1045 1084; x_wconf 79' lang='lat' dir='ltr'><strong><em>data).</em></strong></span> <span class='ocrx_word' id='word_1_97' title='bbox 1104 1033 1144 1070; x_wconf 82' lang='lat' dir='ltr'><strong>in</strong></span> <span class='ocrx_word' id='word_1_98' title='bbox 1172 1031 1289 1070; x_wconf 76' lang='lat' dir='ltr'><strong><em>ducta</em></strong></span> <span class='ocrx_word' id='word_1_99' title='bbox 1313 1030 1413 1072; x_wconf 75' lang='grc' dir='ltr'><strong>ΑΜ.</strong></span> <span class='ocrx_word' id='word_1_100' title='bbox 1470 1033 1510 1070; x_wconf 82' lang='grc' dir='ltr'><strong>ἰη</strong></span> <span class='ocrx_word' id='word_1_101' title='bbox 1531 1030 1628 1070; x_wconf 81' lang='lat' dir='ltr'><strong><em>data</em></strong></span> 
     </span>
     <span class='ocr_line' id='line_1_13' title="bbox 186 1096 1624 1153; baseline -0.001 -14"><span class='ocrx_word' id='word_1_102' title='bbox 186 1098 312 1139; x_wconf 79' lang='lat' dir='ltr'><strong>Paris.</strong></span> <span class='ocrx_word' id='word_1_103' title='bbox 331 1103 372 1139; x_wconf 77' lang='lat'><strong>5.</strong></span> <span class='ocrx_word' id='word_1_104' title='bbox 429 1097 524 1137; x_wconf 77' lang='lat' dir='ltr'><strong>data</strong></span> <span class='ocrx_word' id='word_1_105' title='bbox 552 1096 657 1152; x_wconf 87' lang='lat' dir='ltr'>(om.</span> <span class='ocrx_word' id='word_1_106' title='bbox 689 1097 756 1150; x_wconf 84' lang='lat' dir='ltr'><strong>in)</strong></span> <span class='ocrx_word' id='word_1_107' title='bbox 784 1097 908 1139; x_wconf 79' lang='lat' dir='ltr'>Paris,</span> <span class='ocrx_word' id='word_1_108' title='bbox 937 1103 978 1138; x_wconf 83' lang='lat'><strong>2.</strong></span> <span class='ocrx_word' id='word_1_109' title='bbox 1090 1101 1213 1153; x_wconf 81' lang='lat' dir='ltr'><em>possit</em></span> <span class='ocrx_word' id='word_1_110' title='bbox 1248 1098 1373 1139; x_wconf 83' lang='lat' dir='ltr'>Amb.</span> <span class='ocrx_word' id='word_1_111' title='bbox 1407 1104 1445 1139; x_wconf 83' lang='lat'><strong>1.</strong></span> <span class='ocrx_word' id='word_1_112' title='bbox 1487 1097 1624 1138; x_wconf 79' lang='lat' dir='ltr'><strong>Turio.</strong></span> 
     </span>
     <span class='ocr_line' id='line_1_14' title="bbox 188 1164 1543 1220; baseline 0.001 -15"><span class='ocrx_word' id='word_1_113' title='bbox 188 1181 211 1205; x_wconf 82' lang='lat' dir='ltr'>a</span> <span class='ocrx_word' id='word_1_114' title='bbox 237 1182 314 1205; x_wconf 88' lang='lat' dir='ltr'><strong>sec.</strong></span> <span class='ocrx_word' id='word_1_115' title='bbox 347 1181 403 1205; x_wconf 90' lang='lat' dir='ltr'><strong>m.</strong></span> <span class='ocrx_word' id='word_1_116' title='bbox 443 1164 581 1218; x_wconf 81' lang='lat' dir='ltr'>Camp.</span> <span class='ocrx_word' id='word_1_117' title='bbox 623 1164 740 1205; x_wconf 86' lang='lat' dir='ltr'><strong>Voss.</strong></span> <span class='ocrx_word' id='word_1_118' title='bbox 769 1169 807 1204; x_wconf 83' lang='lat'><strong>3.</strong></span> <span class='ocrx_word' id='word_1_119' title='bbox 922 1166 1151 1206; x_wconf 73' lang='lat' dir='ltr'><em>nominibus.</em></span> <span class='ocrx_word' id='word_1_120' title='bbox 1210 1169 1374 1204; x_wconf 78' lang='lat' dir='ltr'><strong><em>numeris</em></strong></span> <span class='ocrx_word' id='word_1_121' title='bbox 1404 1164 1543 1220; x_wconf 80' lang='lat' dir='ltr'><strong>Cmnp.</strong></span> 
     </span>
    </p>

    <p class='ocr_par' dir='ltr' id='par_1_5' title="bbox 190 1231 1624 1354">
     <span class='ocr_line' id='line_1_15' title="bbox 300 1231 1624 1286; baseline 0.002 -15"><span class='ocrx_word' id='word_1_122' title='bbox 300 1235 335 1286; x_wconf 85' lang='lat'><strong>§.</strong></span> <span class='ocrx_word' id='word_1_123' title='bbox 365 1234 406 1273; x_wconf 78' lang='grc'><strong>4.</strong></span> <span class='ocrx_word' id='word_1_124' title='bbox 465 1235 580 1272; x_wconf 76' lang='lat' dir='ltr'><em>etiam</em></span> <span class='ocrx_word' id='word_1_125' title='bbox 609 1248 690 1272; x_wconf 83' lang='lat' dir='ltr'><strong>om.</strong></span> <span class='ocrx_word' id='word_1_126' title='bbox 719 1235 827 1272; x_wconf 86' lang='lat' dir='ltr'><strong>Jens.</strong></span> <span class='ocrx_word' id='word_1_127' title='bbox 857 1240 895 1272; x_wconf 85' lang='lat' dir='ltr'><strong>et</strong></span> <span class='ocrx_word' id='word_1_128' title='bbox 925 1234 1024 1270; x_wconf 84' lang='lat' dir='ltr'>aliae</span> <span class='ocrx_word' id='word_1_129' title='bbox 1047 1233 1137 1273; x_wconf 81' lang='lat' dir='ltr'><strong>edd.</strong></span> <span class='ocrx_word' id='word_1_130' title='bbox 1170 1242 1259 1272; x_wconf 77' lang='lat' dir='ltr'>ante</span> <span class='ocrx_word' id='word_1_131' title='bbox 1290 1231 1443 1286; x_wconf 84' lang='lat' dir='ltr'>Gryph.</span> <span class='ocrx_word' id='word_1_132' title='bbox 1556 1249 1624 1273; x_wconf 81' lang='lat' dir='ltr'><strong>nec</strong></span> 
     </span>
     <span class='ocr_line' id='line_1_16' title="bbox 190 1292 1622 1354; baseline -0.002 -12"><span class='ocrx_word' id='word_1_133' title='bbox 190 1302 320 1342; x_wconf 77' lang='lat' dir='ltr'><strong><em>Geom.</em></strong></span> <span class='ocrx_word' id='word_1_134' title='bbox 381 1318 495 1354; x_wconf 78' lang='lat' dir='ltr'><em>neque</em></span> <span class='ocrx_word' id='word_1_135' title='bbox 526 1299 574 1340; x_wconf 89' lang='lat' dir='ltr'><strong>G.</strong></span> <span class='ocrx_word' id='word_1_136' title='bbox 604 1292 745 1340; x_wconf 70' lang='lat' dir='ltr'><strong>Tul-ic.⁸</strong></span> <span class='ocrx_word' id='word_1_137' title='bbox 770 1298 879 1339; x_wconf 88' lang='lat' dir='ltr'>Flor.</span> <span class='ocrx_word' id='word_1_138' title='bbox 991 1311 1202 1354; x_wconf 77' lang='lat' dir='ltr'><strong><em>geometres</em></strong></span> <span class='ocrx_word' id='word_1_139' title='bbox 1220 1299 1346 1340; x_wconf 84' lang='lat' dir='ltr'><strong>Amb.</strong></span> <span class='ocrx_word' id='word_1_140' title='bbox 1372 1305 1409 1342; x_wconf 88' lang='lat'><strong>1.</strong></span> <span class='ocrx_word' id='word_1_141' title='bbox 1433 1315 1454 1340; x_wconf 80' lang='lat' dir='ltr'>a</span> <span class='ocrx_word' id='word_1_142' title='bbox 1472 1316 1549 1340; x_wconf 88' lang='lat' dir='ltr'><strong>sec.</strong></span> <span class='ocrx_word' id='word_1_143' title='bbox 1565 1315 1622 1340; x_wconf 83' lang='lat' dir='ltr'><strong>m.</strong></span> 
     </span>
    </p>
   </div>
   <div class='ocr_carea' id='block_1_3' title="bbox 183 1367 1623 1424">
    <p class='ocr_par' dir='ltr' id='par_1_6' title="bbox 183 1367 1623 1424">
     <span class='ocr_line' id='line_1_17' title="bbox 183 1367 1623 1424; baseline -0.001 -15"><span class='ocrx_word' id='word_1_144' title='bbox 183 1381 404 1424; x_wconf 77' lang='lat' dir='ltr'><strong><em>geometr-on</em></strong></span> <span class='ocrx_word' id='word_1_145' title='bbox 439 1367 575 1408; x_wconf 83' lang='lat' dir='ltr'>Turio.</span> <span class='ocrx_word' id='word_1_146' title='bbox 616 1367 724 1408; x_wconf 86' lang='lat' dir='ltr'><strong>Flor.</strong></span> <span class='ocrx_word' id='word_1_147' title='bbox 775 1381 797 1405; x_wconf 80' lang='lat' dir='ltr'>a</span> <span class='ocrx_word' id='word_1_148' title='bbox 835 1382 894 1420; x_wconf 85' lang='lat' dir='ltr'><strong>pr.</strong></span> <span class='ocrx_word' id='word_1_149' title='bbox 935 1381 992 1407; x_wconf 89' lang='lat' dir='ltr'><strong>m.</strong></span> <span class='ocrx_word' id='word_1_150' title='bbox 1116 1367 1306 1407; x_wconf 76' lang='lat' dir='ltr'><strong><em>audierint</em></strong></span> <span class='ocrx_word' id='word_1_151' title='bbox 1344 1371 1446 1407; x_wconf 82' lang='lat' dir='ltr'>bene</span> <span class='ocrx_word' id='word_1_152' title='bbox 1484 1367 1623 1408; x_wconf 77' lang='lat' dir='ltr'>Turic-</span> 
     </span>
    </p>
   </div>
   <div class='ocr_carea' id='block_1_4' title="bbox 181 1434 1623 2771">
    <p class='ocr_par' dir='ltr' id='par_1_7' title="bbox 183 1434 1623 1759">
     <span class='ocr_line' id='line_1_18' title="bbox 183 1434 1623 1488; baseline -0.001 -10"><span class='ocrx_word' id='word_1_153' title='bbox 183 1438 293 1478; x_wconf 83' lang='lat' dir='ltr'><strong>Flor.</strong></span> <span class='ocrx_word' id='word_1_154' title='bbox 321 1436 447 1476; x_wconf 83' lang='lat' dir='ltr'><strong>Aan.</strong></span> <span class='ocrx_word' id='word_1_155' title='bbox 479 1441 517 1476; x_wconf 88' lang='grc'><strong>1.</strong></span> <span class='ocrx_word' id='word_1_156' title='bbox 558 1435 697 1488; x_wconf 81' lang='lat' dir='ltr'>Camp.</span> <span class='ocrx_word' id='word_1_157' title='bbox 757 1434 974 1474; x_wconf 75' lang='lat' dir='ltr'><em>audiverint</em></span> <span class='ocrx_word' id='word_1_158' title='bbox 1009 1434 1133 1477; x_wconf 81' lang='lat' dir='ltr'>Paris.</span> <span class='ocrx_word' id='word_1_159' title='bbox 1165 1440 1205 1476; x_wconf 89' lang='lat'><strong>5.</strong></span> <span class='ocrx_word' id='word_1_160' title='bbox 1270 1436 1473 1475; x_wconf 72' lang='lat' dir='ltr'><strong><em>audierunt</em></strong></span> <span class='ocrx_word' id='word_1_161' title='bbox 1507 1434 1623 1476; x_wconf 75' lang='lat' dir='ltr'>Alm-</span> 
     </span>
     <span class='ocr_line' id='line_1_19' title="bbox 183 1500 1621 1556; baseline -0.002 -10"><span class='ocrx_word' id='word_1_162' title='bbox 183 1505 308 1546; x_wconf 76' lang='lat' dir='ltr'>Paris.</span> <span class='ocrx_word' id='word_1_163' title='bbox 341 1509 378 1544; x_wconf 88' lang='lat'><strong>1.</strong></span> <span class='ocrx_word' id='word_1_164' title='bbox 410 1510 450 1545; x_wconf 87' lang='grc'><strong>2.</strong></span> <span class='ocrx_word' id='word_1_165' title='bbox 565 1503 632 1542; x_wconf 84' lang='lat' dir='ltr'><strong>M.</strong></span> <span class='ocrx_word' id='word_1_166' title='bbox 671 1507 759 1542; x_wconf 70' lang='lat' dir='ltr'><strong>om.&#39;</strong></span> <span class='ocrx_word' id='word_1_167' title='bbox 789 1500 928 1556; x_wconf 85' lang='lat' dir='ltr'><strong>Camp.</strong></span> <span class='ocrx_word' id='word_1_168' title='bbox 969 1501 1094 1553; x_wconf 81' lang='lat' dir='ltr'>Obr.,</span> <span class='ocrx_word' id='word_1_169' title='bbox 1142 1504 1211 1542; x_wconf 82' lang='lat' dir='ltr'><strong>sed</strong></span> <span class='ocrx_word' id='word_1_170' title='bbox 1239 1505 1384 1543; x_wconf 79' lang='lat' dir='ltr'>retinet</span> <span class='ocrx_word' id='word_1_171' title='bbox 1420 1502 1546 1543; x_wconf 84' lang='lat' dir='ltr'><strong>Amb.</strong></span> <span class='ocrx_word' id='word_1_172' title='bbox 1581 1507 1621 1543; x_wconf 85' lang='lat'><strong>1.</strong></span> 
     </span>
     <span class='ocr_line' id='line_1_20' title="bbox 270 1568 1504 1622; baseline 0 -11"><span class='ocrx_word' id='word_1_173' title='bbox 270 1583 303 1611; x_wconf 73' lang='lat' dir='ltr'><strong>et</strong></span> <span class='ocrx_word' id='word_1_174' title='bbox 332 1575 459 1613; x_wconf 79' lang='lat' dir='ltr'><strong>omitt.</strong></span> <span class='ocrx_word' id='word_1_175' title='bbox 481 1574 602 1611; x_wconf 80' lang='lat' dir='ltr'>etiam</span> <span class='ocrx_word' id='word_1_176' title='bbox 621 1569 758 1610; x_wconf 77' lang='lat' dir='ltr'><strong>Turio.</strong></span> <span class='ocrx_word' id='word_1_177' title='bbox 789 1584 810 1608; x_wconf 85' lang='lat' dir='ltr'>a</span> <span class='ocrx_word' id='word_1_178' title='bbox 827 1585 886 1622; x_wconf 88' lang='lat' dir='ltr'><strong>pr.</strong></span> <span class='ocrx_word' id='word_1_179' title='bbox 906 1585 962 1611; x_wconf 82' lang='lat' dir='ltr'><strong>m.</strong></span> <span class='ocrx_word' id='word_1_180' title='bbox 983 1568 1091 1610; x_wconf 87' lang='lat' dir='ltr'>Flor.</span> <span class='ocrx_word' id='word_1_181' title='bbox 1110 1568 1235 1610; x_wconf 79' lang='lat' dir='ltr'><strong>Amb.</strong></span> <span class='ocrx_word' id='word_1_182' title='bbox 1260 1575 1296 1610; x_wconf 87' lang='lat'><strong>1.</strong></span> <span class='ocrx_word' id='word_1_183' title='bbox 1317 1577 1356 1611; x_wconf 87' lang='lat'><strong>2.</strong></span> <span class='ocrx_word' id='word_1_184' title='bbox 1381 1569 1504 1611; x_wconf 87' lang='lat' dir='ltr'>Goth.</span> 
     </span>
     <span class='ocr_line' id='line_1_21' title="bbox 184 1636 1620 1693; baseline 0.001 -14"><span class='ocrx_word' id='word_1_185' title='bbox 184 1643 224 1679; x_wconf 81' lang='lat' dir='ltr'><strong>in</strong></span> <span class='ocrx_word' id='word_1_186' title='bbox 261 1642 406 1693; x_wconf 77' lang='lat' dir='ltr'><strong><em>scripto</em></strong></span> <span class='ocrx_word' id='word_1_187' title='bbox 442 1638 551 1679; x_wconf 88' lang='lat' dir='ltr'>Flor.</span> <span class='ocrx_word' id='word_1_188' title='bbox 667 1653 741 1676; x_wconf 83' lang='grc' dir='ltr'><strong>ηοη</strong></span> <span class='ocrx_word' id='word_1_189' title='bbox 778 1639 882 1682; x_wconf 75' lang='lat' dir='ltr'><strong><em>enim:</em></strong></span> <span class='ocrx_word' id='word_1_190' title='bbox 914 1640 1033 1677; x_wconf 80' lang='lat' dir='ltr'>etiam</span> <span class='ocrx_word' id='word_1_191' title='bbox 1073 1636 1198 1677; x_wconf 82' lang='lat' dir='ltr'><strong>Amb.</strong></span> <span class='ocrx_word' id='word_1_192' title='bbox 1234 1643 1271 1678; x_wconf 87' lang='lat'><strong>1.</strong></span> <span class='ocrx_word' id='word_1_193' title='bbox 1312 1636 1451 1691; x_wconf 88' lang='lat' dir='ltr'><strong>Camp.</strong></span> <span class='ocrx_word' id='word_1_194' title='bbox 1495 1636 1620 1680; x_wconf 80' lang='lat' dir='ltr'><strong>Tarv.</strong></span> 
     </span>
     <span class='ocr_line' id='line_1_22' title="bbox 271 1704 1531 1759; baseline -0.001 -13"><span class='ocrx_word' id='word_1_195' title='bbox 271 1709 380 1746; x_wconf 76' lang='lat' dir='ltr'><em>istius</em></span> <span class='ocrx_word' id='word_1_196' title='bbox 409 1706 545 1746; x_wconf 77' lang='lat' dir='ltr'>Turio.</span> <span class='ocrx_word' id='word_1_197' title='bbox 574 1704 681 1745; x_wconf 86' lang='lat' dir='ltr'>Flor.</span> <span class='ocrx_word' id='word_1_198' title='bbox 711 1704 825 1745; x_wconf 86' lang='lat' dir='ltr'><strong>Alm.</strong></span> <span class='ocrx_word' id='word_1_199' title='bbox 853 1708 972 1746; x_wconf 84' lang='lat' dir='ltr'><strong>male.</strong></span> <span class='ocrx_word' id='word_1_200' title='bbox 1087 1716 1121 1744; x_wconf 79' lang='lat' dir='ltr'><strong>et</strong></span> <span class='ocrx_word' id='word_1_201' title='bbox 1152 1704 1260 1744; x_wconf 83' lang='lat' dir='ltr'><em>nulla</em></span> <span class='ocrx_word' id='word_1_202' title='bbox 1285 1723 1326 1759; x_wconf 81' lang='lat' dir='ltr'><strong>p.</strong></span> <span class='ocrx_word' id='word_1_203' title='bbox 1354 1704 1531 1745; x_wconf 78' lang='lat' dir='ltr'><strong>Amb.1.</strong></span> 
     </span>
    </p>

    <p class='ocr_par' dir='ltr' id='par_1_8' title="bbox 181 1771 1617 1959">
     <span class='ocr_line' id='line_1_23' title="bbox 297 1771 1617 1824; baseline 0.001 -11"><span class='ocrx_word' id='word_1_204' title='bbox 297 1775 337 1824; x_wconf 87' lang='lat'><strong>§.</strong></span> <span class='ocrx_word' id='word_1_205' title='bbox 368 1778 406 1813; x_wconf 87' lang='lat'><strong>5.</strong></span> <span class='ocrx_word' id='word_1_206' title='bbox 464 1771 748 1822; x_wconf 76' lang='lat' dir='ltr'><strong>instruendum5</strong></span> <span class='ocrx_word' id='word_1_207' title='bbox 794 1775 848 1811; x_wconf 86' lang='lat' dir='ltr'><strong>ita</strong></span> <span class='ocrx_word' id='word_1_208' title='bbox 887 1774 1005 1811; x_wconf 81' lang='lat' dir='ltr'><strong>etiam</strong></span> <span class='ocrx_word' id='word_1_209' title='bbox 1044 1771 1168 1813; x_wconf 83' lang='lat' dir='ltr'><strong>Paris.</strong></span> <span class='ocrx_word' id='word_1_210' title='bbox 1198 1778 1236 1813; x_wconf 88' lang='lat'><strong>5.</strong></span> <span class='ocrx_word' id='word_1_211' title='bbox 1274 1772 1384 1813; x_wconf 84' lang='lat' dir='ltr'><strong>Flor.</strong></span> <span class='ocrx_word' id='word_1_212' title='bbox 1420 1771 1545 1814; x_wconf 87' lang='lat' dir='ltr'>Amb.</span> <span class='ocrx_word' id='word_1_213' title='bbox 1575 1779 1617 1814; x_wconf 89' lang='lat'><strong>2.</strong></span> 
     </span>
     <span class='ocr_line' id='line_1_24' title="bbox 181 1837 1505 1891; baseline -0.001 -10"><span class='ocrx_word' id='word_1_214' title='bbox 181 1841 298 1882; x_wconf 88' lang='lat' dir='ltr'><strong>Sich.</strong></span> <span class='ocrx_word' id='word_1_215' title='bbox 335 1840 436 1881; x_wconf 83' lang='lat' dir='ltr'>Obr.</span> <span class='ocrx_word' id='word_1_216' title='bbox 476 1843 566 1880; x_wconf 84' lang='lat' dir='ltr'><strong>fort.</strong></span> <span class='ocrx_word' id='word_1_217' title='bbox 605 1839 730 1879; x_wconf 82' lang='lat' dir='ltr'><strong>Amb.</strong></span> <span class='ocrx_word' id='word_1_218' title='bbox 761 1844 798 1878; x_wconf 85' lang='lat'><strong>1.</strong></span> <span class='ocrx_word' id='word_1_219' title='bbox 857 1837 920 1880; x_wconf 88' lang='lat' dir='ltr'><strong>Cf.</strong></span> <span class='ocrx_word' id='word_1_220' title='bbox 946 1848 1030 1879; x_wconf 73' lang='lat' dir='ltr'>not.</span> <span class='ocrx_word' id='word_1_221' title='bbox 1063 1841 1147 1880; x_wconf 81' lang='lat' dir='ltr'><strong>crit.</strong></span> <span class='ocrx_word' id='word_1_222' title='bbox 1178 1840 1228 1879; x_wconf 84' lang='lat' dir='ltr'><strong>ad</strong></span> <span class='ocrx_word' id='word_1_223' title='bbox 1254 1838 1332 1891; x_wconf 86' lang='lat' dir='ltr'><strong>VI,</strong></span> <span class='ocrx_word' id='word_1_224' title='bbox 1366 1844 1405 1891; x_wconf 86' lang='lat'><strong>5,</strong></span> <span class='ocrx_word' id='word_1_225' title='bbox 1439 1845 1505 1880; x_wconf 91' lang='lat'><strong>10.</strong></span> 
     </span>
     <span class='ocr_line' id='line_1_25' title="bbox 185 1904 1182 1959; baseline -0.002 -10"><span class='ocrx_word' id='word_1_226' title='bbox 185 1909 313 1949; x_wconf 76' lang='lat' dir='ltr'><strong>Cer-at.</strong></span> <span class='ocrx_word' id='word_1_227' title='bbox 351 1907 544 1959; x_wconf 75' lang='lat' dir='ltr'><em>Cr·ococl.‚·</em></span> <span class='ocrx_word' id='word_1_228' title='bbox 587 1907 686 1946; x_wconf 80' lang='lat' dir='ltr'>haec</span> <span class='ocrx_word' id='word_1_229' title='bbox 716 1904 857 1947; x_wconf 84' lang='lat' dir='ltr'>Graec.</span> <span class='ocrx_word' id='word_1_230' title='bbox 886 1909 963 1948; x_wconf 77' lang='lat' dir='ltr'><strong>litt.</strong></span> <span class='ocrx_word' id='word_1_231' title='bbox 991 1905 1116 1946; x_wconf 82' lang='lat' dir='ltr'>Amb.</span> <span class='ocrx_word' id='word_1_232' title='bbox 1144 1911 1182 1947; x_wconf 89' lang='lat'><strong>1.</strong></span> 
     </span>
    </p>

    <p class='ocr_par' dir='ltr' id='par_1_9' title="bbox 181 1972 1617 2771">
     <span class='ocr_line' id='line_1_26' title="bbox 296 1972 1617 2028; baseline -0.001 -12"><span class='ocrx_word' id='word_1_233' title='bbox 296 1978 335 2027; x_wconf 85' lang='lat'><strong>§.</strong></span> <span class='ocrx_word' id='word_1_234' title='bbox 368 1981 406 2015; x_wconf 89' lang='grc'><strong>6.</strong></span> <span class='ocrx_word' id='word_1_235' title='bbox 465 1975 659 2016; x_wconf 75' lang='lat' dir='ltr'><em>antidotus</em></span> <span class='ocrx_word' id='word_1_236' title='bbox 680 1976 799 2014; x_wconf 78' lang='lat' dir='ltr'>etiam</span> <span class='ocrx_word' id='word_1_237' title='bbox 826 1973 964 2014; x_wconf 80' lang='lat' dir='ltr'>Turio.</span> <span class='ocrx_word' id='word_1_238' title='bbox 994 1973 1102 2015; x_wconf 88' lang='lat' dir='ltr'><strong>Flor.</strong></span> <span class='ocrx_word' id='word_1_239' title='bbox 1131 1972 1258 2014; x_wconf 79' lang='lat' dir='ltr'><strong>Amb.</strong></span> <span class='ocrx_word' id='word_1_240' title='bbox 1277 1980 1317 2016; x_wconf 90' lang='lat'><strong>2.</strong></span> <span class='ocrx_word' id='word_1_241' title='bbox 1348 1973 1487 2028; x_wconf 81' lang='lat' dir='ltr'><strong>Camp.</strong></span> <span class='ocrx_word' id='word_1_242' title='bbox 1533 1973 1617 2015; x_wconf 86' lang='lat' dir='ltr'><strong>Sed</strong></span> 
     </span>
     <span class='ocr_line' id='line_1_27' title="bbox 181 2040 1614 2096; baseline -0.001 -13"><span class='ocrx_word' id='word_1_243' title='bbox 181 2059 322 2084; x_wconf 82' lang='lat' dir='ltr'><strong>verum</strong></span> <span class='ocrx_word' id='word_1_244' title='bbox 350 2043 469 2082; x_wconf 82' lang='lat' dir='ltr'>habet</span> <span class='ocrx_word' id='word_1_245' title='bbox 497 2041 623 2082; x_wconf 83' lang='lat' dir='ltr'>Amb.</span> <span class='ocrx_word' id='word_1_246' title='bbox 646 2046 684 2081; x_wconf 90' lang='lat'><strong>1.</strong></span> <span class='ocrx_word' id='word_1_247' title='bbox 712 2040 908 2080; x_wconf 74' lang='lat' dir='ltr'><em>antidotos</em></span> <span class='ocrx_word' id='word_1_248' title='bbox 991 2040 1102 2082; x_wconf 84' lang='lat' dir='ltr'>I’lur.</span> <span class='ocrx_word' id='word_1_249' title='bbox 1122 2056 1238 2082; x_wconf 84' lang='lat' dir='ltr'><strong>num.</strong></span> <span class='ocrx_word' id='word_1_250' title='bbox 1264 2042 1472 2096; x_wconf 73' lang='lat' dir='ltr'><em>subjungas</em></span> <span class='ocrx_word' id='word_1_251' title='bbox 1488 2041 1614 2082; x_wconf 83' lang='lat' dir='ltr'><strong>Amb.</strong></span> 
     </span>
     <span class='ocr_line' id='line_1_28' title="bbox 184 2095 1613 2151; baseline 0 -1"><span class='ocrx_word' id='word_1_252' title='bbox 184 2116 225 2151; x_wconf 85' lang='lat'><strong>1.</strong></span> <span class='ocrx_word' id='word_1_253' title='bbox 255 2125 277 2150; x_wconf 87' lang='lat' dir='ltr'><strong>a</strong></span> <span class='ocrx_word' id='word_1_254' title='bbox 304 2126 382 2150; x_wconf 88' lang='lat' dir='ltr'><strong>sec.</strong></span> <span class='ocrx_word' id='word_1_255' title='bbox 411 2125 467 2150; x_wconf 88' lang='lat' dir='ltr'><strong>m.</strong></span> <span class='ocrx_word' id='word_1_256' title='bbox 581 2107 704 2149; x_wconf 71' lang='lat' dir='ltr'><em>oculis</em></span> <span class='ocrx_word' id='word_1_257' title='bbox 745 2111 865 2148; x_wconf 83' lang='lat' dir='ltr'>etiam</span> <span class='ocrx_word' id='word_1_258' title='bbox 901 2107 1012 2148; x_wconf 88' lang='lat' dir='ltr'>Flor.</span> <span class='ocrx_word' id='word_1_259' title='bbox 1042 2107 1167 2147; x_wconf 77' lang='lat' dir='ltr'><strong>Amb.</strong></span> <span class='ocrx_word' id='word_1_260' title='bbox 1191 2095 1228 2148; x_wconf 88' lang='grc'><strong>1.</strong></span> <span class='ocrx_word' id='word_1_261' title='bbox 1250 2114 1290 2148; x_wconf 90' lang='grc'><strong>2.</strong></span> <span class='ocrx_word' id='word_1_262' title='bbox 1322 2107 1410 2149; x_wconf 81' lang='lat' dir='ltr'><strong>Par.</strong></span> <span class='ocrx_word' id='word_1_263' title='bbox 1445 2115 1482 2148; x_wconf 89' lang='lat'><strong>1.</strong></span> <span class='ocrx_word' id='word_1_264' title='bbox 1503 2116 1543 2150; x_wconf 86' lang='lat'><strong>2.</strong></span> <span class='ocrx_word' id='word_1_265' title='bbox 1573 2115 1613 2150; x_wconf 88' lang='grc'><strong>6.</strong></span> 
     </span>
     <span class='ocr_line' id='line_1_29' title="bbox 183 2173 1612 2231; baseline -0.001 -12"><span class='ocrx_word' id='word_1_266' title='bbox 183 2177 321 2231; x_wconf 80' lang='lat' dir='ltr'><strong>Camp.</strong></span> <span class='ocrx_word' id='word_1_267' title='bbox 362 2177 470 2218; x_wconf 86' lang='lat' dir='ltr'><strong>Jens.</strong></span> <span class='ocrx_word' id='word_1_268' title='bbox 511 2176 632 2218; x_wconf 79' lang='lat' dir='ltr'><strong>Tarv.</strong></span> <span class='ocrx_word' id='word_1_269' title='bbox 671 2174 770 2216; x_wconf 90' lang='lat' dir='ltr'>Loc.</span> <span class='ocrx_word' id='word_1_270' title='bbox 808 2174 918 2214; x_wconf 79' lang='lat' dir='ltr'>Ven.</span> <span class='ocrx_word' id='word_1_271' title='bbox 987 2173 1219 2227; x_wconf 81' lang='lat' dir='ltr'>[Spalding.</span> <span class='ocrx_word' id='word_1_272' title='bbox 1249 2175 1347 2215; x_wconf 77' lang='lat' dir='ltr'>haec</span> <span class='ocrx_word' id='word_1_273' title='bbox 1375 2185 1509 2230; x_wconf 83' lang='lat' dir='ltr'>postea</span> <span class='ocrx_word' id='word_1_274' title='bbox 1539 2178 1612 2217; x_wconf 80' lang='lat' dir='ltr'><strong>ad-</strong></span> 
     </span>
     <span class='ocr_line' id='line_1_30' title="bbox 181 2240 1613 2300; baseline -0.002 -13"><span class='ocrx_word' id='word_1_275' title='bbox 181 2249 352 2300; x_wconf 79' lang='lat' dir='ltr'><strong>scripsit:</strong></span> <span class='ocrx_word' id='word_1_276' title='bbox 392 2244 514 2285; x_wconf 83' lang='lat' dir='ltr'>Recte</span> <span class='ocrx_word' id='word_1_277' title='bbox 537 2247 676 2298; x_wconf 86' lang='lat' dir='ltr'>reponi</span> <span class='ocrx_word' id='word_1_278' title='bbox 705 2241 827 2282; x_wconf 81' lang='lat' dir='ltr'><em>oculis</em></span> <span class='ocrx_word' id='word_1_279' title='bbox 854 2245 1027 2281; x_wconf 83' lang='lat' dir='ltr'>malebat</span> <span class='ocrx_word' id='word_1_280' title='bbox 1052 2240 1305 2293; x_wconf 63' lang='lat' dir='ltr'>Grotefend„</span> <span class='ocrx_word' id='word_1_281' title='bbox 1334 2259 1375 2282; x_wconf 84' lang='lat' dir='ltr'><strong>se</strong></span> <span class='ocrx_word' id='word_1_282' title='bbox 1394 2243 1469 2282; x_wconf 81' lang='lat' dir='ltr'><strong>hac</strong></span> <span class='ocrx_word' id='word_1_283' title='bbox 1489 2260 1613 2298; x_wconf 89' lang='lat' dir='ltr'>copu-</span> 
     </span>
     <span class='ocr_line' id='line_1_31' title="bbox 182 2309 1611 2362; baseline -0.001 -9"><span class='ocrx_word' id='word_1_284' title='bbox 182 2318 329 2354; x_wconf 76' lang='lat' dir='ltr'>latione</span> <span class='ocrx_word' id='word_1_285' title='bbox 375 2315 582 2352; x_wconf 83' lang='lat' dir='ltr'><strong>oculorum</strong></span> <span class='ocrx_word' id='word_1_286' title='bbox 632 2320 671 2351; x_wconf 81' lang='lat' dir='ltr'><strong>et</strong></span> <span class='ocrx_word' id='word_1_287' title='bbox 717 2313 932 2351; x_wconf 82' lang='lat' dir='ltr'><strong>vulnerum</strong></span> <span class='ocrx_word' id='word_1_288' title='bbox 984 2309 1132 2349; x_wconf 80' lang='lat' dir='ltr'>offendi</span> <span class='ocrx_word' id='word_1_289' title='bbox 1177 2324 1339 2362; x_wconf 79' lang='lat' dir='ltr'><strong>negans.</strong></span> <span class='ocrx_word' id='word_1_290' title='bbox 1422 2310 1529 2350; x_wconf 79' lang='lat' dir='ltr'>Vide</span> <span class='ocrx_word' id='word_1_291' title='bbox 1571 2322 1611 2353; x_wconf 79' lang='lat' dir='ltr'><strong>et</strong></span> 
     </span>
     <span class='ocr_line' id='line_1_32' title="bbox 182 2375 1610 2437; baseline -0.001 -16"><span class='ocrx_word' id='word_1_292' title='bbox 182 2382 471 2437; x_wconf 84' lang='lat' dir='ltr'>quodammodo</span> <span class='ocrx_word' id='word_1_293' title='bbox 505 2378 647 2420; x_wconf 84' lang='lat' dir='ltr'><strong>Senec.</strong></span> <span class='ocrx_word' id='word_1_294' title='bbox 677 2377 801 2431; x_wconf 82' lang='lat' dir='ltr'><strong>Epist.</strong></span> <span class='ocrx_word' id='word_1_295' title='bbox 834 2377 886 2416; x_wconf 78' lang='lat'><strong>64</strong></span> <span class='ocrx_word' id='word_1_296' title='bbox 915 2391 1004 2430; x_wconf 78' lang='lat' dir='ltr'>pag.</span> <span class='ocrx_word' id='word_1_297' title='bbox 1034 2375 1127 2430; x_wconf 86' lang='lat' dir='ltr'><strong>Bip.</strong></span> <span class='ocrx_word' id='word_1_298' title='bbox 1160 2381 1239 2417; x_wconf 71' lang='lat'><strong>190</strong></span> <span class='ocrx_word' id='word_1_299' title='bbox 1279 2380 1451 2428; x_wconf 79' lang='lat' dir='ltr'>„relicta</span> <span class='ocrx_word' id='word_1_300' title='bbox 1477 2380 1610 2419; x_wconf 88' lang='lat' dir='ltr'><strong>medi-</strong></span> 
     </span>
     <span class='ocr_line' id='line_1_33' title="bbox 183 2443 1608 2502; baseline -0.001 -13"><span class='ocrx_word' id='word_1_301' title='bbox 183 2458 380 2497; x_wconf 83' lang='lat' dir='ltr'><strong>camenta,</strong></span> <span class='ocrx_word' id='word_1_302' title='bbox 430 2450 570 2502; x_wconf 82' lang='lat' dir='ltr'>quibus</span> <span class='ocrx_word' id='word_1_303' title='bbox 599 2454 828 2487; x_wconf 83' lang='lat' dir='ltr'><strong>sanarentur</strong></span> <span class='ocrx_word' id='word_1_304' title='bbox 858 2443 1038 2496; x_wconf 77' lang='grc' dir='ltr'><strong>οσιιῖἰ.“]</strong></span> <span class='ocrx_word' id='word_1_305' title='bbox 1151 2443 1305 2483; x_wconf 69' lang='lat' dir='ltr'><em>diversa</em></span> <span class='ocrx_word' id='word_1_306' title='bbox 1336 2448 1455 2484; x_wconf 79' lang='lat' dir='ltr'>etiam</span> <span class='ocrx_word' id='word_1_307' title='bbox 1483 2445 1608 2487; x_wconf 86' lang='lat' dir='ltr'><strong>Amb.</strong></span> 
     </span>
     <span class='ocr_line' id='line_1_34' title="bbox 183 2509 1608 2563; baseline -0.004 -6"><span class='ocrx_word' id='word_1_308' title='bbox 183 2523 223 2557; x_wconf 89' lang='lat'><strong>2.</strong></span> <span class='ocrx_word' id='word_1_309' title='bbox 334 2532 413 2554; x_wconf 82' lang='lat' dir='ltr'><strong>una</strong></span> <span class='ocrx_word' id='word_1_310' title='bbox 449 2514 522 2554; x_wconf 78' lang='lat' dir='ltr'><em>illa</em></span> <span class='ocrx_word' id='word_1_311' title='bbox 558 2517 678 2554; x_wconf 74' lang='lat' dir='ltr'><em>mix-t.</em></span> <span class='ocrx_word' id='word_1_312' title='bbox 718 2511 843 2553; x_wconf 80' lang='lat' dir='ltr'>Amb.</span> <span class='ocrx_word' id='word_1_313' title='bbox 869 2516 908 2550; x_wconf 85' lang='lat'><strong>1.</strong></span> <span class='ocrx_word' id='word_1_314' title='bbox 940 2509 1079 2563; x_wconf 80' lang='lat' dir='ltr'><strong>Camp.</strong></span> <span class='ocrx_word' id='word_1_315' title='bbox 1138 2510 1197 2550; x_wconf 76' lang='lat' dir='ltr'><em>ill.</em></span> <span class='ocrx_word' id='word_1_316' title='bbox 1230 2529 1292 2552; x_wconf 80' lang='lat' dir='ltr'><strong>nn.</strong></span> <span class='ocrx_word' id='word_1_317' title='bbox 1322 2514 1441 2552; x_wconf 68' lang='lat' dir='ltr'><em>mixi.</em></span> <span class='ocrx_word' id='word_1_318' title='bbox 1470 2512 1608 2553; x_wconf 77' lang='lat' dir='ltr'><strong>Turio.</strong></span> 
     </span>
     <span class='ocr_line' id='line_1_35' title="bbox 182 2579 1605 2634; baseline -0.004 -11"><span class='ocrx_word' id='word_1_319' title='bbox 182 2584 289 2623; x_wconf 83' lang='lat' dir='ltr'>Flor.</span> <span class='ocrx_word' id='word_1_320' title='bbox 345 2583 514 2634; x_wconf 81' lang='lat' dir='ltr'><em>[earum.</em></span> <span class='ocrx_word' id='word_1_321' title='bbox 561 2584 638 2621; x_wconf 84' lang='lat' dir='ltr'>nisi</span> <span class='ocrx_word' id='word_1_322' title='bbox 665 2583 764 2621; x_wconf 83' lang='lat' dir='ltr'><strong>velis</strong></span> <span class='ocrx_word' id='word_1_323' title='bbox 794 2581 985 2630; x_wconf 82' lang='lat' dir='ltr'>corrigere</span> <span class='ocrx_word' id='word_1_324' title='bbox 1015 2594 1143 2616; x_wconf 83' lang='lat' dir='ltr'><em>eorum</em></span> <span class='ocrx_word' id='word_1_325' title='bbox 1171 2579 1275 2618; x_wconf 85' lang='lat' dir='ltr'>nihil</span> <span class='ocrx_word' id='word_1_326' title='bbox 1293 2580 1400 2618; x_wconf 79' lang='lat' dir='ltr'>aliud</span> <span class='ocrx_word' id='word_1_327' title='bbox 1420 2590 1605 2631; x_wconf 80' lang='lat' dir='ltr'><strong>superest,</strong></span> 
     </span>
     <span class='ocr_line' id='line_1_36' title="bbox 181 2645 1606 2705; baseline -0.002 -16"><span class='ocrx_word' id='word_1_328' title='bbox 181 2664 301 2705; x_wconf 89' lang='lat' dir='ltr'>quam</span> <span class='ocrx_word' id='word_1_329' title='bbox 338 2658 382 2687; x_wconf 82' lang='lat' dir='ltr'><strong>ut</strong></span> <span class='ocrx_word' id='word_1_330' title='bbox 419 2652 719 2701; x_wconf 81' lang='lat' dir='ltr'>grammaticum</span> <span class='ocrx_word' id='word_1_331' title='bbox 756 2661 881 2700; x_wconf 84' lang='lat' dir='ltr'><strong>genus</strong></span> <span class='ocrx_word' id='word_1_332' title='bbox 930 2645 980 2683; x_wconf 76' lang='lat' dir='ltr'><strong>ad</strong></span> <span class='ocrx_word' id='word_1_333' title='bbox 1016 2647 1233 2685; x_wconf 73' lang='lat' dir='ltr'><strong><em>mixturam</em></strong></span> <span class='ocrx_word' id='word_1_334' title='bbox 1271 2646 1380 2686; x_wconf 77' lang='lat' dir='ltr'><em>illam</em></span> <span class='ocrx_word' id='word_1_335' title='bbox 1418 2663 1530 2687; x_wconf 83' lang='lat' dir='ltr'><strong><em>unam</em></strong></span> <span class='ocrx_word' id='word_1_336' title='bbox 1568 2656 1606 2686; x_wconf 82' lang='lat' dir='ltr'><strong>et</strong></span> 
     </span>
     <span class='ocr_line' id='line_1_37' title="bbox 181 2713 963 2771; baseline -0.006 -13"><span class='ocrx_word' id='word_1_337' title='bbox 181 2718 352 2771; x_wconf 77' lang='lat' dir='ltr'>singulas</span> <span class='ocrx_word' id='word_1_338' title='bbox 380 2718 460 2766; x_wconf 79' lang='lat' dir='ltr'><strong>ejus</strong></span> <span class='ocrx_word' id='word_1_339' title='bbox 490 2717 598 2770; x_wconf 80' lang='lat' dir='ltr'><strong>quasi</strong></span> <span class='ocrx_word' id='word_1_340' title='bbox 625 2724 750 2770; x_wconf 69' lang='lat' dir='ltr'>panes</span> <span class='ocrx_word' id='word_1_341' title='bbox 779 2713 963 2765; x_wconf 81' lang='lat' dir='ltr'><strong>referas.]</strong></span> 
     </span>
    </p>
   </div>
  </div>
 </body>
</html>
