1775 3091
213 180 294 217 350
653 172 924 230 Supplementa
949 175 1208 214 annotationis

208 287 306 345 pede
332 299 471 344 operer.
582 286 754 344 perinde.
810 283 930 326 Amb.
955 290 995 326 1.
1035 276 1156 326 stiam
1191 285 1367 341 proinde.
1481 286 1543 327 vel
1569 287 1648 327 des.

216 355 336 399 Goth.
363 357 464 397 nihil
490 355 568 396 des.

326 449 364 499 §.
395 454 464 489 20.
521 448 558 485 si
586 462 679 486 rem.
728 444 863 485 Turio.
898 454 936 486 et
963 443 1071 486 Flor.
1102 459 1125 485 a
1151 461 1210 500 pr.
1231 459 1289 485 m.
1319 446 1474 485 scirem.
1557 460 1656 499 pro-

209 518 393 571 positam,
436 514 570 554 Turic-
594 529 616 553 ει
637 530 697 568 pr.
719 529 775 554 m.
797 513 902 554 Flor.
922 516 1137 569 proposita.
1222 516 1258 552 si
1273 537 1329 544 --
1340 513 1482 568 judex.
1524 511 1652 553 Amb.

215 590 254 624 1.
276 583 411 623 Turio.
432 582 538 622 Flor.
557 584 589 635 j.
613 598 644 621 s,
654 581 699 638 f.
719 599 760 636 p.
820 581 956 623 Turic.
988 598 1009 622 a
1029 599 1089 637 pr.
1114 598 1168 622 m.
1189 584 1338 622 omittit
1357 585 1392 620 si
1402 583 1499 637 ficri
1514 590 1656 636 potest.

299 649 533 690 avocandus.
580 649 688 690 Flor.
718 664 742 689 a
768 666 846 691 sec.
879 667 934 692 m.
967 650 1233 692 advocandus.
1349 649 1454 701 Quid
1476 666 1534 689 en.
1559 664 1657 689 cum.

215 719 352 760 Turio.
381 733 405 757 a
424 733 482 771 pr.
509 733 565 757 m.
589 717 692 772 quod
714 734 772 758 en.
799 735 895 759 cum.
993 721 1133 773 possis.
1182 717 1322 772 Camp.
1347 720 1487 773 possit.

329 810 366 861 §.
397 813 466 850 21.
525 818 638 846 tesics
669 807 790 849 locus.
849 808 917 849 Sic
956 812 1078 848 etiam
1115 807 1242 848 Amb.
1274 813 1311 848 1.
1352 809 1492 861 procul
1522 807 1656 846 dubio.

214 877 304 918 I‘ar.
339 882 376 917 1.
404 874 514 916 Sich.
545 891 705 930 quoque
734 888 764 917 1.
793 876 914 917 locos.
975 875 1076 917 Obr.
1104 879 1318 932 insequens
1348 886 1383 914 ct
1414 877 1573 915 omittit.

211 947 404 1001 personis.
461 942 587 984 Amb.
618 949 655 984 1.
695 959 718 984 a
748 960 825 985 sec.
855 960 911 985 m.
947 944 1060 986 Sich.
1090 947 1210 984 etiam
1235 960 1438 998 personas,
1561 941 1661 982 illic.

214 1013 247 1054 F
251 1016 323 1054 lor.
344 1011 427 1052 ille.
542 1014 609 1067 qui
627 1015 695 1052 sit.
749 1012 857 1055 Flor.
875 1013 971 1068 quid
989 1030 1023 1054 s.
1136 1014 1248 1052 tueri.
1297 1011 1434 1052 Turio.
1464 1026 1488 1051 a
1515 1027 1575 1065 pr.
1603 1025 1660 1050 m.

216 1092 357 1120 {ucrusu
408 1077 543 1121 Guelf.
568 1083 699 1122 tueris.
801 1083 843 1120 in
865 1080 992 1137 simpl.
1040 1079 1176 1121 Turio.
1201 1095 1223 1120 a
1246 1096 1305 1134 pr.
1326 1096 1382 1120 m.
1410 1082 1558 1120 omittit
1579 1082 1633 1121 in.

332 1172 372 1223 §0
404 1176 471 1212 22.
529 1170 692 1227 quidem.
741 1170 850 1213 Flor.
882 1173 1045 1211 omittit.
1154 1187 1245 1225 quo.
1293 1170 1430 1212 Turio.
1462 1187 1485 1211 a
1512 1187 1572 1224 pr.
1605 1184 1662 1210 m.

217 1255 377 1294 quoquc.
429 1238 537 1279 Flor.
559 1256 766 1294 quoquam.
876 1238 1047 1293 judicem
1069 1239 1177 1295 profi
1232 1237 1301 1280 Sic
1333 1242 1454 1278 etiam
1480 1236 1603 1278 Amb.
1625 1243 1664 1277 1.

216 1307 326 1347 Flor.
383 1305 542 1346 Verum
568 1305 689 1348 Goth.
711 1310 868 1362 juvenes
888 1323 972 1347 non
986 1306 1153 1361 judices.
1269 1317 1305 1344 et
1326 1323 1488 1346 summa.
1536 1305 1664 1346 Amb,

222 1379 257 1414 1.
277 1374 382 1414 Flor.
404 1377 525 1414 etiam
544 1385 584 1412 ut
605 1391 639 1415 s.
731 1386 940 1430 ponantur.
989 1373 1114 1416 Goth.
1131 1385 1315 1430 ponatur.
1410 1384 1666 1429 praeparant.

219 1440 358 1482 Turio.
383 1443 650 1496 praeparanti.

753 1598 1019 1641 CAPUT
1078 1599 1135 1641 V.

335 1714 373 1766 §.
408 1718 445 1753 1.
505 1728 594 1752 non.
626 1711 716 1752 dub.
780 1710 901 1752 Goth.
935 1727 1014 1752 om.
1046 1729 1134 1752 non,
1248 1712 1491 1766 quibusdam.
1533 1710 1668 1753 Guelf.

224 1798 250 1820 a
286 1781 390 1836 quil).
513 1780 708 1835 partibus.
766 1778 904 1820 Turic.
936 1795 968 1825 ,ἃ
998 1796 1057 1834 pr.
1088 1795 1145 1819 m.
1173 1781 1370 1834 pair-ihus.
1497 1796 1558 1834 op,
1591 1779 1671 1833 huj.

225 1849 365 1901 Camp.
396 1848 435 1888 lz.
462 1864 498 1888 0.
615 1850 770 1888 mixtus
792 1859 861 1888 cst.
922 1849 1046 1888 Goth.
1078 1847 1197 1888 VOSS.
1217 1854 1256 1888 2.
1279 1849 1498 1887 immixtus.
1604 1863 1675 1886 nec

223 1919 368 1970 magis.
425 1915 560 1956 Turio.
593 1931 616 1956 a
641 1932 701 1970 pr.
729 1931 784 1956 m.
813 1915 920 1957 Flor.
952 1933 998 1955 ne
1028 1932 1081 1956 m.

340 2008 377 2059 §.
409 2012 450 2047 2.
518 2005 623 2061 quid.
680 2006 817 2047 Turic.
858 2022 881 2046 a
920 2022 980 2061 pr.
1020 2022 1076 2047 m.
1127 2005 1241 2061 quod.
1374 2004 1674 2059 cavendumque.

225 2073 365 2115 Turio.
387 2089 409 2113 a
430 2090 488 2128 ΡΥ.
511 2089 567 2115 m.
592 2074 819 2114 cavendum.
935 2074 1114 2114 docemus
1144 2090 1193 2114 ac
1217 2073 1407 2128 deinceps,
1466 2071 1533 2112 Sic
1554 2075 1676 2111 etiam

225 2141 352 2182 Amb.
390 2147 426 2182 1.
468 2141 559 2183 Par.
598 2148 636 2183 1.
669 2149 710 2184 2.
769 2158 818 2182 ac
841 2141 935 2181 -clcin
963 2142 1197 2183 docebimus.
1258 2141 1365 2181 Flor.
1400 2143 1562 2180 omittit.

230 2209 492 2263 Praecipiam.
553 2209 621 2250 Sic
652 2212 774 2250 etiam
811 2207 939 2250 Amb.
976 2214 1013 2251 1.
1130 2227 1175 2249 ne
1203 2209 1307 2265 quid.
1367 2207 1505 2249 Turio.
1539 2206 1674 2248 Guelf.

228 2294 273 2316 nc
300 2276 419 2332 quod.
533 2278 820 2334 obscurumque.
880 2277 990 2319 Flor.
1029 2281 1150 2319 etiam
1182 2278 1400 2317 obscurum.

340 2368 377 2419 ᾧ.
408 2373 448 2407 3.
508 2367 725 2409 consilium.
783 2366 920 2408 Turio.
951 2378 989 2409 et
1019 2368 1127 2409 Flor.
1160 2384 1182 2408 a
1204 2385 1264 2422 pr.
1284 2384 1338 2409 m.
1371 2365 1594 2407 concilium.

228 2435 374 2476 ostend.
415 2452 468 2475 se.
535 2435 766 2476 Pronomen
795 2439 984 2476 omittunt
1014 2440 1135 2476 etiam
1163 2435 1291 2477 Amb.
1324 2442 1361 2476 1.
1399 2434 1511 2474 Flor.
1625 2430 1679 2470 Ei

224 2502 347 2555 judic.
407 2502 477 2543 Sic
507 2505 627 2543 etiam
654 2502 764 2543 Flor.
793 2502 882 2544 Par.
907 2510 943 2545 1.
970 2511 1011 2546 2.
1042 2504 1157 2546 Sich.

343 2597 379 2646 §.
411 2594 452 2634 4.
509 2610 555 2632 nc
583 2593 693 2634 haec.
751 2591 877 2634 Amb.
904 2599 941 2634 1.
973 2612 1018 2634 m·
1042 2595 1089 2634 de
1117 2595 1206 2635 hoc.
1263 2593 1373 2635 Flor.
1403 2609 1449 2632 ne
1476 2591 1565 2630 Ῐιοο.

232 2660 456 2712 spectanda.
517 2658 641 2702 Amb.
664 2665 700 2700 1.
731 2659 839 2702 Flor.
862 2677 1022 2717 quoque
1052 2661 1314 2717 expectanda.
1431 2660 1506 2700 cui.
1553 2653 1677 2697 Amb-
