1775 3091
221 179 326 212 ΧΧΙΙ

220 278 371 331 quique
411 277 680 331 manuscripti
717 274 858 316 collati
897 274 1075 326 fuerint,
1128 286 1173 316 ut
1213 277 1283 331 qui
1328 286 1421 331 post
1459 291 1536 317 nos
1576 276 1653 318 bac

219 357 416 410 congerie
456 356 574 396 usuri
613 356 719 405 siut,
768 353 972 405 habeant,
1023 355 1074 396 ad
1121 355 1231 410 quod
1282 357 1568 415 conjecturas,
1615 357 1655 396 si

220 448 324 488 opus
353 435 418 483 sit,
449 435 679 473 instituant.
736 433 789 472 Et
815 432 1082 488 Spaldingius
1113 434 1281 487 quidem
1310 435 1398 488 ipse
1429 435 1654 475 editionem

219 509 424 565 Campani
448 521 488 552 et
519 512 682 552 codices
703 509 828 551 Goth.
857 521 898 552 et
916 511 1132 554 Guelferb.
1160 527 1254 553 cum
1283 513 1468 553 editione
1497 512 1656 553 Gesne-

219 591 337 629 riana
369 588 559 640 contulit,
591 588 769 630 Codices
800 588 1061 642 Turicensis,
1091 590 1278 632 Florent.
1308 590 1504 631 Ambros.
1532 590 1572 631 ΙΙ
1603 591 1657 631 ad

219 666 576 708 Burmannianam
628 667 765 723 Lugd.
811 666 904 710 Bat.
939 672 1067 721 1720,
1117 669 1426 711 Ambrosianus
1453 668 1496 720 I,
1547 669 1655 724 quod

218 747 425 801 imprimis
465 747 695 787 notandum
736 748 922 799 videtur,
966 749 1017 790 ad
1057 747 1389 789 Obrechtianam
1427 747 1656 803 Argentor.

222 828 329 867 1698
360 827 500 866 exacti
533 833 643 866 sunt.
723 824 904 867 Veteres
934 827 1137 881 denique,
1179 836 1225 868 ut
1253 827 1334 867 hoc
1364 827 1538 877 addam,
1570 825 1657 865 edi-

218 905 374 954 tiones,
417 919 519 959 quas
550 919 628 945 nos
657 905 738 959 ipsi
775 914 870 960 post
900 904 1191 960 Spaldingium
1222 906 1360 946 denuo
1389 905 1658 960 perlustravi-

217 994 333 1032 mus,
364 996 460 1023 cum
489 981 569 1024 hac
598 984 832 1025 novissima
862 993 1124 1040 comparatae
1155 993 1265 1025 sunt,

355 1139 403 1182 In
442 1140 510 1183 his
548 1142 677 1196 igitur
720 1142 911 1183 codicum
957 1143 1336 1197 manuscriptorum
1383 1141 1659 1191 lectionibus,

216 1228 415 1274 quantum
437 1220 604 1275 quidem
635 1229 834 1274 excerpta
864 1229 1007 1261 nostra
1036 1222 1337 1275 permiserunt,
1368 1236 1532 1261 summa
1561 1236 1661 1261 cura

216 1299 373 1338 versati
410 1313 569 1339 sumus.
639 1298 870 1339 Habebunt
908 1301 950 1339 in
980 1300 1032 1340 iis
1064 1300 1243 1340 studiosi
1271 1299 1519 1340 Latinarum
1547 1298 1660 1339 litte-

213 1383 355 1418 rarum
393 1376 653 1418 uberrimum
690 1379 945 1433 praesidium
983 1378 1036 1419 ad
1079 1377 1386 1427 Quintilianum
1422 1378 1661 1420 emaculan-

213 1456 335 1508 dum,
371 1465 412 1497 et
439 1470 691 1511 quamquam
722 1456 925 1497 dolebunt
955 1456 1134 1497 fortasse
1167 1455 1288 1511 (mihi
1317 1458 1430 1499 enim
1452 1458 1659 1511 juvenum

213 1537 530 1576 exercitationis
581 1549 708 1576 causa
756 1537 900 1576 nescio
947 1537 1160 1591 'quomodo
1207 1535 1476 1591 gaudendum
1520 1538 1659 1591 potius

214 1613 402 1668 videtur)
451 1627 672 1668 superesse
723 1615 963 1655 etiamnunc
1002 1604 1230 1669 permultos
1271 1613 1411 1665 locos,
1465 1617 1537 1670 qui
1566 1617 1660 1657 =,nisi

212 1691 329 1733 felici
370 1693 628 1734 divinatione
670 1694 835 1733 restitui
879 1702 1108 1748 nequeant,
1163 1691 1388 1748 plurimum
1428 1701 1567 1734 tamen
1608 1695 1660 1738 ad

213 1771 321 1812 hanc
348 1787 438 1813 rem
456 1771 643 1826 proderit
671 1773 794 1822 scire,
829 1781 900 1812 aut
922 1771 1030 1812 nihil
1050 1785 1143 1813 esse
1166 1770 1346 1826 amplius
1366 1786 1421 1812 ex
1445 1772 1660 1814 codicibus

214 1852 512 1905 manuscriptis
551 1851 829 1906 sperandum,
876 1853 958 1892 nisi
996 1852 1067 1906 qui
1106 1852 1205 1891 novi
1235 1849 1440 1905 singulari
1472 1849 1660 1891 bonitate

214 1930 533 1984 protrahantur,
567 1938 639 1970 aut
669 1928 808 1984 qualia
837 1930 881 1969 in
910 1930 989 1980 iis,
1035 1931 1105 1984 qui
1134 1944 1245 1970 nunc
1275 1931 1424 1970 merito
1453 1929 1661 1972 habentur

212 2009 497 2063 integerrimi,
530 2009 621 2063 ipsa
652 2006 888 2048 litterarum
918 2006 1104 2048 ludibria
1132 2010 1230 2048 sint.

324 2165 530 2208 Veterum
563 2167 733 2222 quidem
762 2166 996 2206 editionum
1026 2166 1069 2204 in
1109 2173 1224 2205 tanta
1266 2163 1533 2205 multitudine
1574 2163 1660 2205 col-

212 2246 394 2287 latorum
425 2247 617 2287 codicum
656 2246 1034 2299 manuscriptorum
1075 2242 1252 2284 multum
1281 2244 1540 2284 imminuitur
1567 2258 1660 2299 pre-

215 2329 317 2367 tium
359 2334 400 2366 et
440 2325 695 2366 observandi
731 2324 983 2366 necessitas:
1033 2324 1109 2364 sed
1145 2324 1296 2378 poterit
1340 2336 1450 2362 nunc
1491 2323 1658 2363 demum

217 2405 519 2455 animadverti,
580 2418 703 2459 quam
754 2417 899 2444 earum
949 2416 1136 2456 quaeque
1194 2409 1350 2442 sectam
1397 2402 1659 2456 potissimum

217 2491 428 2539 sequatur,
459 2492 500 2524 et
522 2484 642 2537 cujus
670 2484 836 2538 generis
860 2481 1026 2522 codices
1045 2481 1318 2535 manuscripti
1341 2481 1383 2520 in
1407 2492 1457 2518 ea
1483 2477 1659 2518 adhibiti

219 2565 323 2610 sint;
363 2576 613 2617 quamquam
640 2563 792 2603 mirum
823 2568 1023 2616 quantum
1052 2560 1175 2614 primi
1205 2559 1391 2599 editores
1423 2557 1576 2598 absunt
1603 2555 1656 2596 ab

219 2657 269 2682 ea
298 2640 532 2697 diligentia,
565 2655 688 2696 quam
717 2641 857 2691 hodie,
889 2641 961 2695 qui
984 2639 1210 2680 editionem
1241 2639 1470 2692 principem
1495 2642 1656 2685 curant,
