1775 3091
412 233 465 274 acl
494 232 655 285 Quintil.
684 230 816 270 Iussit.
854 229 932 281 VI,
978 236 1016 271 3.
1054 232 1088 281 §.
1123 237 1259 271 1—-9.
1476 233 1554 269 4527

114 344 229 399 VIII,
255 351 294 399 6,
319 351 396 400 22,
449 349 519 387 ubi
561 349 707 386 fatetur
745 346 871 386 nescio
907 361 956 383 an
987 345 1092 398 apud
1121 341 1296 395 Quintil.
1329 346 1447 382 etiam
1479 358 1554 381 ne-

110 425 229 467 gante
267 430 386 455 sensu
426 417 611 456 inveniri,
669 411 793 465 Quod
834 427 928 452 cum
968 416 1038 452 illo
1076 416 1163 452 loco
1200 413 1458 450 manifestum
1486 414 1551 460 sit,

112 484 280 522 debebat
311 485 433 522 etiam
459 496 626 521 manum
659 496 681 520 a
713 481 943 533 corrigendo
984 481 1177 519 absi‘mere
1203 476 1294 530 IX,
1327 479 1353 517 4
1383 481 1467 517 init.
1513 486 1554 517 et

116 549 170 601 X,
196 556 234 602 1,
257 553 321 591 65.
349 549 453 591 Nam
483 550 590 604 quod
618 552 661 587 iu
691 547 881 588 Cicerone
910 562 1050 586 verum
1083 556 1162 597 est,
1201 555 1362 586 centum
1383 547 1553 598 amplius

112 620 226 657 annis
265 626 354 670 post
390 619 537 656 falsum
576 631 658 656 esse
693 624 836 668 potest.
902 613 1003 654 Dixi
1044 629 1089 653 ea
1128 616 1176 653 de
1216 629 1259 653 re
1296 616 1339 652 in
1370 611 1553 653 Gramm-

110 687 208 737 ling.
245 683 335 725 Lat.
376 686 547 724 breviter
586 684 774 738 quidem,
820 683 890 722 sed
925 683 1034 737 quod
1063 684 1231 723 sufficIat
1256 684 1329 733 iis,
1371 683 1442 736 qui
1478 682 1553 733 ipsi

111 752 283 801 judicare
312 751 545 803 voluerint]

223 844 255 892 §.
286 846 328 882 7.
387 842 486 880 enim
517 840 578 879 ab.
638 838 705 880 Sic
736 841 857 880 etiam
886 838 1012 880 Amb.
1037 846 1073 880 1.
1190 838 1315 879 multi.
1370 836 1504 877 Turio.
1531 851 1553 875 a

113 925 171 962 pr.
192 925 247 950 m.
279 907 424 948 multis.
526 910 770 948 tentaverint.
820 907 959 948 Turio.
991 908 1273 962 tempici1·erint.
1381 908 1449 944 ris.
1476 906 1554 958 qui.

115 977 181 1017 Sic
212 979 333 1016 etiam
371 975 497 1017 Amb.
530 980 566 1015 1.
605 974 712 1016 Flor.
827 975 939 1030 quod.
979 977 1108 1016 etiam.
1166 976 1302 1015 Guelf.
1342 971 1468 1013 Goth.
1508 981 1555 1011 et.

115 1044 231 1098 quod.
346 1053 469 1084 tactu.
533 1042 645 1083 Sich.
688 1046 805 1083 etiam
847 1053 988 1082 tractu.
1055 1041 1147 1096 [Ex
1182 1041 1326 1083 Ambr.
1365 1040 1470 1079 nihil
1508 1041 1556 1077 ab

116 1111 312 1153 Obrechti
338 1114 510 1151 lectIOne
543 1109 706 1165 (iactu)
739 1113 942 1151 diversum
970 1120 1155 1162 notatur,
1195 1110 1263 1149 sed
1286 1124 1336 1147 ne
1368 1123 1419 1147 ex
1447 1105 1557 1146 Flor-

115 1180 279 1234 quidem
307 1180 529 1234 quidquam
560 1193 583 1217 a
606 1177 909 1218 Burmanniana
939 1178 1135 1232 (tracia),
1168 1185 1213 1216 ut
1241 1178 1316 1216 hae
1342 1178 1558 1215 auctorita-

115 1257 172 1286 tes
202 1250 324 1287 altera
353 1250 493 1287 tollere
516 1249 682 1285 alteram
702 1247 927 1287 videantur·
986 1245 1092 1286 Mihi
1109 1246 1273 1300 quidem
1293 1253 1422 1284 tractu
1439 1245 1558 1281 unice

115 1331 255 1355 verum
284 1317 465 1366 videtur,
503 1329 578 1353 nec
603 1316 826 1367 intelligere
856 1330 921 1354 1116
949 1316 1097 1364 fateor,
1127 1316 1196 1367 qui
1224 1323 1352 1351 iactus
1383 1311 1561 1364 corpor-Le

116 1387 236 1436 possit
275 1385 367 1424 dici.
436 1382 630 1422 Tractum
668 1385 942 1422 membrorum
977 1383 1134 1434 explico
1173 1389 1329 1433 gestum
1367 1380 1559 1431 aliquem,

117 1467 237 1506 quem
275 1450 418 1502 Quint.
453 1460 556 1490 certe
595 1463 678 1488 non
703 1448 854 1504 facto,
905 1449 1014 1502 quod
1052 1457 1168 1486 antea
1197 1449 1348 1499 posuit,
1388 1444 1562 1495 intelligi

115 1521 253 1558 voluit.
309 1518 477 1558 Factum
507 1518 671 1572 quidem
700 1516 917 1554 ridiculum
944 1515 1067 1554 habes
1093 1529 1212 1568 supra
1233 1511 1309 1553 VI.
1329 1518 1366 1562 1,
1388 1512 1474 1563 48.]

117 1602 194 1624 una
226 1588 387 1626 ratione.
447 1583 574 1625 Amb.
604 1590 642 1624 1.
683 1582 792 1623 Flor.
833 1582 923 1623 Par.
958 1588 992 1623 1.
1023 1585 1144 1622 etiam
1175 1592 1219 1620 ut
1245 1583 1479 1620 narratione.

117 1653 225 1693 solet.
282 1651 409 1692 Amb.
442 1658 478 1693 1.
511 1651 619 1691 Flor.
652 1653 774 1689 etiam
801 1649 937 1688 soleat.
1054 1666 1183 1702 neque.
1243 1646 1366 1688 Goth.
1401 1663 1480 1685 nec,

120 1731 185 1759 ant
201 1719 340 1776 facta.
390 1720 457 1759 Sic
487 1722 609 1758 etiam
637 1717 747 1758 Sich.
800 1732 849 1755 ac
874 1716 912 1771 fl
945 1719 1065 1755 etiam
1095 1715 1199 1756 Flor.
1315 1713 1418 1768 qnod
1436 1729 1461 1752 α
1480 1712 1561 1752 [ἵεν.

121 1787 227 1827 Flor.
259 1789 349 1840 quia
381 1785 460 1825 cler.
512 1785 622 1825 Jens.
655 1793 693 1823 et
723 1784 811 1822 edd.
843 1792 934 1822 ante
964 1781 1065 1822 Ald.
1094 1785 1185 1836 quia
1212 1800 1240 1822 α
1270 1782 1351 1822 cler.

232 1878 265 1928 ξ.
299 1881 339 1916 8.
397 1876 502 1928 ipsos
532 1873 710 1913 clicezues.
762 1871 829 1912 Sic
853 1874 974 1911 etiam
998 1870 1119 1912 Amb.
1146 1877 1182 1912 1.
1213 1871 1302 1913 Par.
1324 1878 1363 1913 2.
1406 1871 1566 1912 Verum

123 1943 229 1985 Flor.
261 1959 284 1983 a
311 1959 370 1996 pr.
402 1957 457 1981 m.
488 1943 572 1996 ipso
606 1941 780 1980 dicentis.
895 1950 1031 1978 antem.
1089 1938 1230 1993 Camp.
1259 1950 1341 1979 aut.
1456 1939 1565 1979 levis.

124 2022 173 2053 et.
229 2011 369 2052 TurIG.
401 2024 423 2048 a
449 2024 508 2062 pr.
538 2024 592 2048 m.
624 2008 789 2047 Zeviscct.
903 2017 939 2045 et
968 2024 1066 2062 quae
1094 2008 1158 2048 ab.
1216 2006 1353 2048 Turio.
1387 2023 1409 2047 a
1429 2023 1486 2060 pr.
1507 2022 1564 2047 m.

124 2090 239 2135 atque
260 2079 323 2119 ab.
438 2078 599 2115 scm-ris.
655 2075 791 2115 Turio.
822 2088 845 2114 a
864 2090 923 2127 pr.
945 2089 1000 2114 m.
1036 2077 1172 2113 curris.
1286 2075 1566 2129 insipicnlihus.

124 2148 250 2188 Amb.
275 2152 313 2186 1.
343 2143 377 2186 F
379 2148 452 2185 lor.
483 2146 602 2182 etiam
633 2141 931 2198 itzspiciemibus.
1045 2153 1257 2182 moveatur.
1319 2141 1449 2183 Guelf.
1482 2158 1568 2181 mo·-

125 2225 297 2254 veantur.
421 2221 562 2251 tamen.
619 2208 744 2250 Amb.
779 2216 814 2250 1.
843 2207 953 2250 Flor.
986 2213 1107 2250 etiam
1137 2221 1227 2251 ium.
1342 2212 1566 2264 repugnari.

126 2282 234 2322 Jens.
266 2295 490 2335 repugnare.

240 2371 278 2422 §.
309 2375 348 2411 9.
406 2371 518 2407 enim.
577 2366 701 2406 Amb.
726 2372 762 2405 1.
794 2364 901 2407 Flor.
930 2370 1069 2415 etiam,
1105 2367 1212 2420 quod
1237 2376 1293 2407 tot
1321 2370 1429 2407 libris
1458 2381 1569 2407 com-

131 2439 366 2493 mendatum
395 2437 565 2475 debebat
593 2436 725 2485 recipi.
839 2437 983 2474 invitis.
1041 2433 1167 2474 Amb.
1200 2439 1237 2475 1.
1276 2450 1438 2490 quoque
1468 2438 1571 2474 invi-

133 2517 205 2546 tus.
319 2518 456 2557 saepe:
493 2517 574 2540 nec.
625 2498 750 2541 Amb.
777 2507 812 2541 1.
844 2517 866 2542 a
895 2517 954 2556 pr.
980 2517 1036 2542 m.
1066 2500 1176 2541 Flor.
1205 2518 1227 2541 a
1257 2519 1314 2556 pr.
1345 2518 1401 2541 m.
1433 2507 1570 2543 insert.

133 2590 201 2613 nec
230 2570 356 2611 vultus
386 2586 465 2624 ope.
522 2567 630 2608 flor.
675 2584 695 2607 a
725 2584 802 2610 sec.
837 2584 892 2610 m.
927 2586 994 2610 ncc
1015 2568 1154 2626 fultus
1195 2585 1275 2624 ope.
1391 2588 1456 2611 nc(-
1488 2569 1574 2610 vnl-

135 2652 208 2679 1us.
254 2638 381 2679 Amb.
403 2644 439 2678 1.
472 2639 591 2676 etiam
621 2653 658 2675 n.
690 2636 844 2676 vultum.
902 2636 1011 2677 Flor.
1043 2653 1066 2677 a
1092 2653 1170 2678 sec.
1203 2653 1259 2678 m.
1291 2638 1490 2695 rnfitllu&

139 2711 186 2748 υἱ.
246 2705 379 2747 Guelf.
414 2710 467 2748 ιἠ.
546 2703 672 2758 [Quo
712 2707 906 2758 pertineat
952 2707 1052 2745 sslud
1083 2716 1121 2744 ια
1153 2705 1246 2744 dixi
1274 2706 1427 2746 dubitat
1457 2707 1576 2760 Spal—
