1775 3091
341 240 393 280 ml
428 240 590 293 Quintil.
621 239 746 281 Instil.
779 239 836 290 X,
872 244 908 280 1.
951 241 986 289 §.
1015 243 1240 282 89—105.
1431 242 1513 281 417

181 357 220 404 ξ.
253 359 318 395 97.
377 353 592 393 verborum.
634 351 701 392 Sic
723 352 812 393 Par.
840 358 873 392 1.
899 359 938 393 2.
1031 352 1150 407 pond.
1178 363 1281 394 auct.
1331 350 1398 393 Sic
1418 352 1506 394 Par.

72 428 108 463 1.
146 429 183 464 2.

181 491 215 541 §.
249 497 315 531 99.
375 487 484 528 Aelii
504 487 679 527 Stilonis.
739 486 828 528 Par.
855 493 891 527 1.
912 492 951 528 2.
984 486 1237 541 EpistoloniS.

182 560 219 608 §.
254 563 346 597 100.
405 554 573 609 quando.
623 554 711 594 Par.
747 559 786 593 1.
812 559 851 594 2.
877 570 974 593 cum.

181 626 216 675 §.
253 628 346 664 101.
405 638 479 660 non
499 621 588 661 hist.
637 623 702 660 Sic
722 619 813 660 Par.
837 626 875 661 1.
896 626 935 662 2.
1025 624 1103 673 ita,
1135 638 1247 676 quae.
1292 622 1379 664 Par.
1406 629 1442 665 1.
1466 630 1504 665 2.

70 694 212 745 itaque.
298 701 397 729 suni.
438 688 528 728 Par.
556 695 594 729 1.
619 694 657 728 2.
682 687 763 727 sed.
1519 682 1523 686 ⁴

179 760 214 809 ξ.
249 763 343 798 102.
400 755 495 795 clati
525 757 587 794 vir
619 758 774 809 ingenii.
820 755 908 796 Par.
941 762 978 797 1.
1000 763 1038 798 2.
1075 756 1206 796 clarus
1226 759 1391 811 ingenie.

68 826 212 865 creber.
256 824 347 865 Par.
381 829 416 864 1.
441 829 480 864 2.
513 823 698 864 crebrior.
791 840 959 877 pressus.
1001 823 1068 865 Sio
1089 825 1178 865 Par.
1199 830 1238 866 2.
1299 841 1506 880 expressus

67 893 155 933 l‘ar.
192 898 228 932 1.

180 962 216 1012 §.
251 964 345 1000 103.
403 962 482 998 suis
499 961 591 1012 ipse.
633 958 722 998 Par.
746 964 785 999 2.
812 973 891 999 om.
940 962 999 998 vis
1019 962 1106 1014 ipsa
1123 958 1212 1000 Par.
1238 963 1274 1000 1.

183 1029 220 1078 §.
255 1028 346 1066 104.
407 1029 648 1077 imitator-035
695 1037 749 1065 ut.
806 1025 873 1066 Sic
914 1024 1002 1067 Par.
1035 1033 1075 1067 2.
1113 1042 1190 1067 sec.
1220 1042 1276 1067 m.
1317 1031 1507 1068 immet-ilo
1544 1059 1547 1062 -

71 1096 213 1133 remitti
241 1094 331 1134 l‘ar.
357 1099 394 1134 1.
467 1093 667 1146 [Fabium
696 1096 925 1143 Rusticum,
965 1096 1074 1145 cujus
1102 1096 1288 1149 frequens
1319 1106 1377 1135 est
1402 1099 1507 1150 apud
1543 1128 1553 1137 .

68 1159 256 1201 Tacitum
278 1164 427 1201 mentio
457 1162 667 1215 (imprimis
689 1160 827 1214 Agric.
852 1164 934 1213 10),
963 1164 1175 1215 significari
1197 1161 1358 1216 Sarpius
1377 1168 1508 1218 suspi-

70 1238 179 1269 catus
210 1239 267 1269 est
293 1228 459 1279 Quaest.
493 1229 593 1282 phil.
627 1244 709 1281 cap.
735 1234 771 1268 1.
801 1228 960 1268 Poterat
983 1231 1123 1269 eodem
1150 1232 1232 1269 fere
1253 1234 1336 1281 jure
1356 1230 1508 1285 Vipsa-

69 1299 183 1335 nium
204 1296 442 1336 Messallam.
503 1295 660 1347 Quibus
692 1310 807 1349 porro
837 1299 1052 1336 rationIbus
1074 1298 1181 1335 idem
1198 1296 1360 1350 Sar-pius
1382 1308 1420 1338 et
1441 1302 1509 1338 alii

67 1366 203 1402 locum
227 1373 455 1416 corruptum
479 1366 646 1416 aggressi
680 1366 778 1411 sint,
827 1365 918 1403 vide
949 1367 991 1402 in
1019 1365 1114 1403 edit.
1137 1363 1318 1404 Frotsch.
1339 1380 1509 1405 excursu

67 1428 120 1470 11.
180 1430 295 1482 Nam,
325 1440 369 1470 ut
392 1434 514 1469 libere
535 1433 682 1481 fatear,
714 1445 853 1469 earum
869 1433 982 1469 nulla
1003 1433 1124 1483 paulo
1148 1431 1251 1469 mihi
1269 1434 1510 1484 probabilior

68 1499 236 1538 videtur.
304 1496 416 1537 Leve
443 1507 523 1548 est,
565 1498 673 1551 quod
703 1507 872 1546 annoto,
921 1498 990 1536 sed
1017 1499 1160 1537 fefellit
1190 1506 1325 1537 tamen
1350 1502 1508 1548 multos,

66 1581 134 1603 nec
156 1567 368 1604 imitatores
397 1562 474 1619 (cf.
496 1566 600 1603 infra
632 1569 666 1613 §.
692 1564 797 1617 126)
829 1566 895 1604 vel
921 1568 1180 1617 grammatica
1213 1569 1368 1605 ratione
1399 1582 1511 1606 coar-

66 1635 158 1683 gui,
209 1635 400 1685 quoniam
444 1632 612 1670 debebat
650 1647 730 1670 esse
770 1645 862 1669 non
902 1633 1131 1671 imitatores.
1199 1630 1510 1673 Restituendum

66 1702 188 1750 igitur
218 1699 374 1737 videtur
408 1714 474 1736 ncc
508 1699 719 1743 immerito,
761 1711 839 1750 qua
856 1699 1028 1736 formula
1049 1699 1208 1738 dicendi
1231 1697 1509 1749 Quintilianus

68 1766 298 1804 delectatur.
357 1762 516 1802 Deinde
538 1766 716 1818 plerique
742 1778 878 1803 omnes
900 1763 1090 1803 libertatis
1112 1781 1262 1805 nomen
1284 1775 1322 1805 et
1342 1770 1510 1806 verbum

70 1847 204 1870 nocere
228 1832 277 1869 ad
311 1833 483 1882 pericula
498 1860 508 1880 ‚
549 1846 652 1885 quae
681 1840 768 1870 tum
793 1833 918 1870 libere
951 1832 999 1870 de
1024 1849 1108 1886 rep.
1129 1834 1304 1873 dicentes
1325 1837 1392 1874 vel
1412 1838 1510 1874 scri-³

67 1901 205 1937 bentes
224 1900 527 1937 circumstabant
540 1927 549 1943 ‚
580 1900 780 1938 referunt:
814 1900 921 1952 quod
936 1902 1053 1951 longe
1072 1900 1174 1938 mihi
1194 1903 1307 1940 aliter
1332 1902 1506 1942 videtur.

67 1964 174 2005 Nam
195 1967 389 2017 scriptoris
409 1968 533 2003 nostri
551 1967 781 2017 ingenium,
820 1967 927 2020 quod
952 1982 1073 2020 quam
1102 1969 1291 2007 timidum
1318 1977 1356 2008 et
1378 1972 1508 2009 obno-

67 2035 184 2071 xium
211 2034 437 2085 principum
467 2033 687 2072 adulationi
712 2035 852 2082 fuerit,
891 2037 1075 2087 proxima
1105 2038 1250 2088 pagina
1270 2045 1410 2076 testata
1436 2046 1508 2088 est,

69 2102 118 2138 ab
142 2102 253 2138 omni
270 2100 460 2149 ejusmodi
479 2104 856 2140 commemoratione
881 2101 1081 2152 abhorret,
1116 2118 1191 2142 nec
1210 2106 1342 2155 potuit
1361 2106 1408 2143 ab
1430 2105 1509 2145 hoc

70 2170 130 2205 vir
151 2169 277 2205 clarus
299 2169 510 2219 appellari,
543 2168 590 2206 de
611 2170 718 2218 cujus
739 2172 928 2208 submisso
952 2171 1135 2209 adversus
1153 2173 1350 2224 principes
1373 2174 1509 2211 animo

70 2236 154 2272 ulla
184 2234 375 2273 dubitatio
411 2243 523 2274 esset.
584 2233 838 2289 Quapropter
861 2236 1076 2275 libertatem
1096 2247 1135 2277 et
1158 2238 1433 2277 circumcidere
1459 2240 1508 2278 de

70 2303 196 2339 nimia
224 2303 345 2354 ipsius
374 2301 547 2340 hominis
575 2306 781 2342 severitate
811 2306 855 2342 in
883 2305 1117 2356 castigandis
1149 2314 1267 2359 atque
1294 2306 1393 2344 adeo
1435 2307 1509 2344 da-

70 2368 254 2406 mnandis
277 2369 533 2423 delendisque
554 2373 735 2422 operibus
757 2374 835 2410 suis
858 2374 1054 2424 intelligo,
1087 2387 1208 2426 quam
1231 2371 1508 2423 Quintilianus

69 2434 130 2472 vel
161 2451 294 2474 nocere
325 2439 378 2474 ait
407 2439 448 2474 in
476 2439 703 2489 publicum,
744 2439 941 2493 siquidem
960 2442 1029 2478 ine
1047 2441 1241 2479 studiosos
1262 2443 1340 2490 jam
1363 2443 1509 2479 oratio-

69 2517 170 2540 num
201 2504 334 2542 fructu
367 2506 531 2556 privarit
565 2520 617 2542 ex
654 2515 777 2557 parte.
845 2505 897 2546 Et
944 2522 994 2545 ne
1035 2509 1141 2546 solus
1175 2504 1412 2558 ἀσύμβολος
1444 2506 1510 2547 vel

70 2566 262 2622 ἄμομφος
291 2572 429 2609 abeam
448 2599 460 2618 ,
499 2574 531 2610 si
552 2573 709 2625 quando
738 2575 921 2612 tenebrae
944 2575 1087 2627 quibus
1108 2589 1217 2613 nunc
1234 2577 1344 2614 locus
1365 2577 1508 2628 tegitur

71 2637 264 2675 discussae
295 2638 465 2688 fuerint,
505 2642 625 2677 velim
651 2642 940 2692 propemodum
969 2641 1126 2679 remedii
1156 2640 1364 2691 libertas]

183 2705 220 2753 §.
255 2708 349 2745 105.
405 2722 479 2747 non
499 2709 550 2744 sii
568 2706 622 2745 id,
671 2706 760 2746 Par.
788 2713 819 2746 1.
841 2713 880 2748 2.
908 2725 943 2746 n.
968 2710 994 2747 i.
1019 2725 1050 2747 s.

117 2783 214 2817 Tum.
243 2784 282 2818 V.
961 2771 1001 2813 D
1027 2776 1051 2812 d
