<?xml version="1.0" encoding="UTF-8"?>
<!DOCTYPE html PUBLIC "-//W3C//DTD XHTML 1.0 Transitional//EN"
    "http://www.w3.org/TR/xhtml1/DTD/xhtml1-transitional.dtd">
<html xmlns="http://www.w3.org/1999/xhtml" xml:lang="en" lang="en">
 <head>
  <title>
</title>
<meta http-equiv="Content-Type" content="text/html;charset=utf-8" />
  <meta name='ocr-system' content='tesseract 3.04.00' />
  <meta name='ocr-capabilities' content='ocr_page ocr_carea ocr_par ocr_line ocrx_word'/>
</head>
<body>
  <div class='ocr_page' id='page_1' title='image "./lexiconquintilia05bonnuoft_0348.png"; bbox 0 0 1775 3091; ppageno 0'>
   <div class='ocr_carea' id='block_1_1' title="bbox 201 229 1196 286">
    <p class='ocr_par' dir='ltr' id='par_1_1' title="bbox 201 229 1196 286">
     <span class='ocr_line' id='line_1_1' title="bbox 201 229 1196 286; baseline -0.01 -8"><span class='ocrx_word' id='word_1_1' title='bbox 201 240 283 279; x_wconf 74' lang='lat'><em>298</em></span> <span class='ocrx_word' id='word_1_2' title='bbox 636 229 908 286; x_wconf 69' lang='lat' dir='ltr'><em>Supplementcn</em></span> <span class='ocrx_word' id='word_1_3' title='bbox 937 231 1196 270; x_wconf 64' lang='lat' dir='ltr'><em>annotationis</em></span> 
     </span>
    </p>
   </div>
   <div class='ocr_carea' id='block_1_2' title="bbox 198 341 1634 592">
    <p class='ocr_par' dir='ltr' id='par_1_2' title="bbox 198 341 1634 592">
     <span class='ocr_line' id='line_1_2' title="bbox 313 341 1630 399; baseline -0.005 -10"><span class='ocrx_word' id='word_1_4' title='bbox 313 348 349 399; x_wconf 59' lang='grc' dir='ltr'><strong>ᾧ.</strong></span> <span class='ocrx_word' id='word_1_5' title='bbox 381 351 448 389; x_wconf 88' lang='grc'><em>53.</em></span> <span class='ocrx_word' id='word_1_6' title='bbox 507 344 666 386; x_wconf 79' lang='lat' dir='ltr'><em>laboris.</em></span> <span class='ocrx_word' id='word_1_7' title='bbox 714 341 840 386; x_wconf 82' lang='lat' dir='ltr'><em>Amb.</em></span> <span class='ocrx_word' id='word_1_8' title='bbox 869 348 909 385; x_wconf 83' lang='lat'><em>2.</em></span> <span class='ocrx_word' id='word_1_9' title='bbox 938 341 1078 383; x_wconf 75' lang='lat' dir='ltr'><em>labori.</em></span> <span class='ocrx_word' id='word_1_10' title='bbox 1187 344 1380 398; x_wconf 78' lang='lat' dir='ltr'><em>primum:</em></span> <span class='ocrx_word' id='word_1_11' title='bbox 1418 353 1498 383; x_wconf 83' lang='lat' dir='ltr'><em>tum</em></span> <span class='ocrx_word' id='word_1_12' title='bbox 1523 360 1630 397; x_wconf 80' lang='lat' dir='ltr'><em>quae.</em></span> 
     </span>
     <span class='ocr_line' id='line_1_3' title="bbox 198 409 1634 467; baseline -0.003 -11"><span class='ocrx_word' id='word_1_13' title='bbox 198 415 336 457; x_wconf 84' lang='lat' dir='ltr'><em>Turio.</em></span> <span class='ocrx_word' id='word_1_14' title='bbox 363 414 467 455; x_wconf 86' lang='lat' dir='ltr'><em>Flor.</em></span> <span class='ocrx_word' id='word_1_15' title='bbox 496 424 526 454; x_wconf 92' lang='lat' dir='ltr'><em>t.</em></span> <span class='ocrx_word' id='word_1_16' title='bbox 550 428 615 466; x_wconf 88' lang='lat' dir='ltr'><em>pr.</em></span> <span class='ocrx_word' id='word_1_17' title='bbox 645 427 684 466; x_wconf 86' lang='lat' dir='ltr'><em>q.</em></span> <span class='ocrx_word' id='word_1_18' title='bbox 742 409 869 452; x_wconf 88' lang='lat' dir='ltr'><em>Amb.</em></span> <span class='ocrx_word' id='word_1_19' title='bbox 891 417 932 453; x_wconf 94' lang='grc'><strong>2.</strong></span> <span class='ocrx_word' id='word_1_20' title='bbox 959 427 1024 465; x_wconf 86' lang='lat' dir='ltr'><em>pr.</em></span> <span class='ocrx_word' id='word_1_21' title='bbox 1051 420 1215 465; x_wconf 77' lang='lat' dir='ltr'><em>tumque.</em></span> <span class='ocrx_word' id='word_1_22' title='bbox 1322 413 1446 467; x_wconf 80' lang='lat' dir='ltr'><em>prius.</em></span> <span class='ocrx_word' id='word_1_23' title='bbox 1496 409 1634 452; x_wconf 79' lang='lat' dir='ltr'><em>Turio.</em></span> 
     </span>
     <span class='ocr_line' id='line_1_4' title="bbox 199 477 1633 534; baseline -0.003 -11"><span class='ocrx_word' id='word_1_24' title='bbox 199 482 306 523; x_wconf 90' lang='lat' dir='ltr'><em>Flor.</em></span> <span class='ocrx_word' id='word_1_25' title='bbox 336 481 447 522; x_wconf 78' lang='lat' dir='ltr'><em>AJm.</em></span> <span class='ocrx_word' id='word_1_26' title='bbox 475 478 601 520; x_wconf 87' lang='lat' dir='ltr'><em>Amb.</em></span> <span class='ocrx_word' id='word_1_27' title='bbox 625 484 666 520; x_wconf 88' lang='lat'><em>2.</em></span> <span class='ocrx_word' id='word_1_28' title='bbox 697 477 815 518; x_wconf 84' lang='lat' dir='ltr'><em>Voss.</em></span> <span class='ocrx_word' id='word_1_29' title='bbox 839 482 876 523; x_wconf 73' lang='grc'><strong>1.</strong></span> <span class='ocrx_word' id='word_1_30' title='bbox 902 477 1008 534; x_wconf 71' lang='lat' dir='ltr'><em>plus.</em></span> <span class='ocrx_word' id='word_1_31' title='bbox 1109 480 1230 533; x_wconf 76' lang='lat' dir='ltr'><em>incip.</em></span> <span class='ocrx_word' id='word_1_32' title='bbox 1255 488 1321 519; x_wconf 80' lang='lat' dir='ltr'><em>cst.</em></span> <span class='ocrx_word' id='word_1_33' title='bbox 1366 477 1503 521; x_wconf 77' lang='lat' dir='ltr'><em>Turio.</em></span> <span class='ocrx_word' id='word_1_34' title='bbox 1526 477 1633 518; x_wconf 88' lang='lat' dir='ltr'><em>Flor.</em></span> 
     </span>
     <span class='ocr_line' id='line_1_5' title="bbox 201 548 847 592; baseline -0.008 -1"><span class='ocrx_word' id='word_1_35' title='bbox 201 548 336 592; x_wconf 88' lang='lat' dir='ltr'><strong>Guelf.</strong></span> <span class='ocrx_word' id='word_1_36' title='bbox 357 548 482 589; x_wconf 81' lang='lat' dir='ltr'><em>Amb.</em></span> <span class='ocrx_word' id='word_1_37' title='bbox 504 552 544 587; x_wconf 84' lang='lat'><em>2.</em></span> <span class='ocrx_word' id='word_1_38' title='bbox 569 548 758 587; x_wconf 73' lang='lat' dir='ltr'><em>omittunt</em></span> <span class='ocrx_word' id='word_1_39' title='bbox 777 554 847 586; x_wconf 60' lang='lat' dir='ltr'><em>esi.</em></span> 
     </span>
    </p>
   </div>
   <div class='ocr_carea' id='block_1_3' title="bbox 199 619 1638 820">
    <p class='ocr_par' dir='ltr' id='par_1_3' title="bbox 199 619 1638 820">
     <span class='ocr_line' id='line_1_6' title="bbox 313 619 1638 680; baseline -0.002 -15"><span class='ocrx_word' id='word_1_40' title='bbox 313 632 347 679; x_wconf 84' lang='lat'><em>§.</em></span> <span class='ocrx_word' id='word_1_41' title='bbox 381 627 446 668; x_wconf 75' lang='lat'><em>54.</em></span> <span class='ocrx_word' id='word_1_42' title='bbox 506 640 560 664; x_wconf 75' lang='lat' dir='ltr'><em>cx</em></span> <span class='ocrx_word' id='word_1_43' title='bbox 581 622 641 664; x_wconf 64' lang='lat' dir='ltr'><em>liis</em></span> <span class='ocrx_word' id='word_1_44' title='bbox 661 641 761 680; x_wconf 77' lang='lat' dir='ltr'><em>quae</em></span> <span class='ocrx_word' id='word_1_45' title='bbox 779 645 836 654; x_wconf 83' lang='lat'><em>·—-</em></span> <span class='ocrx_word' id='word_1_46' title='bbox 854 623 1190 664; x_wconf 75' lang='lat' dir='ltr'><em>contradictiones.</em></span> <span class='ocrx_word' id='word_1_47' title='bbox 1238 624 1306 666; x_wconf 80' lang='lat' dir='ltr'><em>Sic</em></span> <span class='ocrx_word' id='word_1_48' title='bbox 1325 619 1451 665; x_wconf 85' lang='lat' dir='ltr'><em>Amb.</em></span> <span class='ocrx_word' id='word_1_49' title='bbox 1475 629 1513 664; x_wconf 93' lang='lat'><em>1.</em></span> <span class='ocrx_word' id='word_1_50' title='bbox 1529 656 1540 676; x_wconf 90' lang='lat'>,</span> <span class='ocrx_word' id='word_1_51' title='bbox 1567 625 1638 664; x_wconf 84' lang='lat' dir='ltr'><em>sed</em></span> 
     </span>
     <span class='ocr_line' id='line_1_7' title="bbox 199 691 1638 748; baseline -0.003 -11"><span class='ocrx_word' id='word_1_52' title='bbox 199 712 230 737; x_wconf 77' lang='lat' dir='ltr'><em>a</em></span> <span class='ocrx_word' id='word_1_53' title='bbox 253 712 330 736; x_wconf 86' lang='lat' dir='ltr'><em>seo.</em></span> <span class='ocrx_word' id='word_1_54' title='bbox 360 710 417 734; x_wconf 88' lang='lat' dir='ltr'><em>m.</em></span> <span class='ocrx_word' id='word_1_55' title='bbox 447 709 592 748; x_wconf 85' lang='lat' dir='ltr'><em>quoque</em></span> <span class='ocrx_word' id='word_1_56' title='bbox 618 706 690 747; x_wconf 86' lang='lat' dir='ltr'><em>pro</em></span> <span class='ocrx_word' id='word_1_57' title='bbox 720 708 829 747; x_wconf 83' lang='lat' dir='ltr'><em>quae.</em></span> <span class='ocrx_word' id='word_1_58' title='bbox 882 691 1018 732; x_wconf 81' lang='lat' dir='ltr'><em>Turio.</em></span> <span class='ocrx_word' id='word_1_59' title='bbox 1047 708 1102 732; x_wconf 79' lang='lat' dir='ltr'><em>ex</em></span> <span class='ocrx_word' id='word_1_60' title='bbox 1126 692 1186 731; x_wconf 67' lang='lat' dir='ltr'><em>Itis</em></span> <span class='ocrx_word' id='word_1_61' title='bbox 1207 692 1531 732; x_wconf 71' lang='lat' dir='ltr'><em>contradictiones</em></span> <span class='ocrx_word' id='word_1_62' title='bbox 1551 708 1638 733; x_wconf 82' lang='lat' dir='ltr'><em>cum</em></span> 
     </span>
     <span class='ocr_line' id='line_1_8' title="bbox 199 759 1638 820; baseline -0.003 -17"><span class='ocrx_word' id='word_1_63' title='bbox 199 783 236 820; x_wconf 73' lang='grc' dir='ltr'><em>φ</em></span> <span class='ocrx_word' id='word_1_64' title='bbox 237 781 297 804; x_wconf 70' lang='lat' dir='ltr'><em>tae</em></span> <span class='ocrx_word' id='word_1_65' title='bbox 316 765 356 802; x_wconf 81' lang='lat' dir='ltr'><em>in</em></span> <span class='ocrx_word' id='word_1_66' title='bbox 376 772 456 800; x_wconf 87' lang='lat' dir='ltr'><em>tam</em></span> <span class='ocrx_word' id='word_1_67' title='bbox 477 760 630 814; x_wconf 71' lang='lat' dir='ltr'><em>longius</em></span> <span class='ocrx_word' id='word_1_68' title='bbox 650 763 920 814; x_wconf 85' lang='lat' dir='ltr'><em>opposuimus:</em></span> <span class='ocrx_word' id='word_1_69' title='bbox 950 770 991 798; x_wconf 82' lang='lat' dir='ltr'><em>ut</em></span> <span class='ocrx_word' id='word_1_70' title='bbox 1012 769 1127 812; x_wconf 54' lang='lat' dir='ltr'><em>cett,</em></span> <span class='ocrx_word' id='word_1_71' title='bbox 1159 776 1251 800; x_wconf 88' lang='lat' dir='ltr'><em>cum</em></span> <span class='ocrx_word' id='word_1_72' title='bbox 1270 759 1401 811; x_wconf 86' lang='lat' dir='ltr'><em>Flor.,</em></span> <span class='ocrx_word' id='word_1_73' title='bbox 1431 763 1510 799; x_wconf 86' lang='lat' dir='ltr'><em>nisi</em></span> <span class='ocrx_word' id='word_1_74' title='bbox 1529 760 1638 814; x_wconf 84' lang='lat' dir='ltr'><em>quod</em></span> 
     </span>
    </p>
   </div>
   <div class='ocr_carea' id='block_1_4' title="bbox 200 825 1637 883">
    <p class='ocr_par' dir='ltr' id='par_1_4' title="bbox 200 825 1637 883">
     <span class='ocr_line' id='line_1_9' title="bbox 200 825 1637 883; baseline -0.003 -14"><span class='ocrx_word' id='word_1_75' title='bbox 200 833 270 873; x_wconf 75' lang='lat' dir='ltr'><em>hic</em></span> <span class='ocrx_word' id='word_1_76' title='bbox 300 846 382 869; x_wconf 81' lang='lat' dir='ltr'><em>eum</em></span> <span class='ocrx_word' id='word_1_77' title='bbox 410 844 482 883; x_wconf 89' lang='lat' dir='ltr'><em>pro</em></span> <span class='ocrx_word' id='word_1_78' title='bbox 511 845 624 878; x_wconf 81' lang='lat' dir='ltr'><em>cum,</em></span> <span class='ocrx_word' id='word_1_79' title='bbox 655 826 780 868; x_wconf 81' lang='lat' dir='ltr'><em>Goth.</em></span> <span class='ocrx_word' id='word_1_80' title='bbox 809 827 935 868; x_wconf 82' lang='lat' dir='ltr'><em>Amb.</em></span> <span class='ocrx_word' id='word_1_81' title='bbox 956 833 996 868; x_wconf 87' lang='lat'><em>2.</em></span> <span class='ocrx_word' id='word_1_82' title='bbox 1026 827 1136 869; x_wconf 84' lang='lat' dir='ltr'><em>Jens.</em></span> <span class='ocrx_word' id='word_1_83' title='bbox 1168 837 1207 867; x_wconf 85' lang='lat' dir='ltr'><em>et</em></span> <span class='ocrx_word' id='word_1_84' title='bbox 1234 828 1323 868; x_wconf 86' lang='lat' dir='ltr'><em>edd</em></span> <span class='ocrx_word' id='word_1_85' title='bbox 1348 836 1438 866; x_wconf 83' lang='lat' dir='ltr'><em>ante</em></span> <span class='ocrx_word' id='word_1_86' title='bbox 1466 825 1637 881; x_wconf 67' lang='lat' dir='ltr'><em>Gryph„</em></span> 
     </span>
    </p>
   </div>
   <div class='ocr_carea' id='block_1_5' title="bbox 198 893 1640 1075">
    <p class='ocr_par' dir='ltr' id='par_1_5' title="bbox 198 893 1640 1075">
     <span class='ocr_line' id='line_1_10' title="bbox 199 893 1638 950; baseline -0.003 -11"><span class='ocrx_word' id='word_1_87' title='bbox 199 915 291 939; x_wconf 80' lang='lat' dir='ltr'><em>exc.</em></span> <span class='ocrx_word' id='word_1_88' title='bbox 321 895 434 938; x_wconf 76' lang='lat' dir='ltr'><em>sich.</em></span> <span class='ocrx_word' id='word_1_89' title='bbox 547 899 584 935; x_wconf 79' lang='grc' dir='ltr'><em>εἰ</em></span> <span class='ocrx_word' id='word_1_90' title='bbox 610 898 754 950; x_wconf 76' lang='lat' dir='ltr'><em>prima.</em></span> <span class='ocrx_word' id='word_1_91' title='bbox 802 894 911 935; x_wconf 91' lang='lat' dir='ltr'><em>Flor.</em></span> <span class='ocrx_word' id='word_1_92' title='bbox 941 910 963 934; x_wconf 81' lang='lat' dir='ltr'><em>a</em></span> <span class='ocrx_word' id='word_1_93' title='bbox 980 909 1040 947; x_wconf 83' lang='lat' dir='ltr'><em>pr.</em></span> <span class='ocrx_word' id='word_1_94' title='bbox 1062 910 1120 934; x_wconf 84' lang='lat' dir='ltr'><em>m.</em></span> <span class='ocrx_word' id='word_1_95' title='bbox 1147 897 1214 934; x_wconf 79' lang='lat' dir='ltr'><em>isti</em></span> <span class='ocrx_word' id='word_1_96' title='bbox 1237 912 1299 949; x_wconf 81' lang='lat' dir='ltr'><em>pr.</em></span> <span class='ocrx_word' id='word_1_97' title='bbox 1331 910 1423 934; x_wconf 87' lang='lat' dir='ltr'><em>cum</em></span> <span class='ocrx_word' id='word_1_98' title='bbox 1440 893 1564 934; x_wconf 84' lang='lat' dir='ltr'><em>Amb.</em></span> <span class='ocrx_word' id='word_1_99' title='bbox 1588 900 1638 946; x_wconf 87' lang='lat'><em>1.‚</em></span> 
     </span>
     <span class='ocr_line' id='line_1_11' title="bbox 198 961 1640 1018; baseline -0.004 -11"><span class='ocrx_word' id='word_1_100' title='bbox 198 967 270 1007; x_wconf 80' lang='lat' dir='ltr'><em>sed</em></span> <span class='ocrx_word' id='word_1_101' title='bbox 303 981 326 1005; x_wconf 72' lang='lat' dir='ltr'><em>a</em></span> <span class='ocrx_word' id='word_1_102' title='bbox 354 981 432 1005; x_wconf 86' lang='lat' dir='ltr'><em>sec.</em></span> <span class='ocrx_word' id='word_1_103' title='bbox 462 979 518 1004; x_wconf 89' lang='lat' dir='ltr'><em>m.</em></span> <span class='ocrx_word' id='word_1_104' title='bbox 549 966 630 1003; x_wconf 86' lang='lat' dir='ltr'><em>ista</em></span> <span class='ocrx_word' id='word_1_105' title='bbox 654 979 718 1018; x_wconf 68' lang='lat' dir='ltr'><em>pr.</em></span> <span class='ocrx_word' id='word_1_106' title='bbox 837 961 1087 1002; x_wconf 60' lang='lat' dir='ltr'><em>evocandum..</em></span> <span class='ocrx_word' id='word_1_107' title='bbox 1135 961 1260 1002; x_wconf 83' lang='lat' dir='ltr'><em>Amb.</em></span> <span class='ocrx_word' id='word_1_108' title='bbox 1287 967 1323 1002; x_wconf 92' lang='lat'><em>1.</em></span> <span class='ocrx_word' id='word_1_109' title='bbox 1353 961 1458 1001; x_wconf 85' lang='lat' dir='ltr'><em>Flor.</em></span> <span class='ocrx_word' id='word_1_110' title='bbox 1489 961 1578 1002; x_wconf 82' lang='lat' dir='ltr'><em>Par.</em></span> <span class='ocrx_word' id='word_1_111' title='bbox 1606 968 1640 1001; x_wconf 84' lang='lat'><em>1.</em></span> 
     </span>
     <span class='ocr_line' id='line_1_12' title="bbox 201 1028 1637 1075; baseline -0.003 0"><span class='ocrx_word' id='word_1_112' title='bbox 201 1037 324 1075; x_wconf 80' lang='lat' dir='ltr'><em>etiam</em></span> <span class='ocrx_word' id='word_1_113' title='bbox 350 1032 581 1072; x_wconf 83' lang='lat' dir='ltr'><em>vocandum.</em></span> <span class='ocrx_word' id='word_1_114' title='bbox 697 1029 932 1071; x_wconf 77' lang='lat' dir='ltr'><em>adversarii.</em></span> <span class='ocrx_word' id='word_1_115' title='bbox 988 1028 1112 1070; x_wconf 80' lang='lat' dir='ltr'><em>Amb.</em></span> <span class='ocrx_word' id='word_1_116' title='bbox 1138 1035 1178 1071; x_wconf 84' lang='lat'><em>2.</em></span> <span class='ocrx_word' id='word_1_117' title='bbox 1205 1029 1425 1069; x_wconf 81' lang='lat' dir='ltr'><em>adversari.</em></span> <span class='ocrx_word' id='word_1_118' title='bbox 1542 1041 1637 1070; x_wconf 75' lang='lat' dir='ltr'><em>errat.</em></span> 
     </span>
    </p>
   </div>
   <div class='ocr_carea' id='block_1_6' title="bbox 201 1094 1644 1490">
    <p class='ocr_par' dir='ltr' id='par_1_6' title="bbox 201 1094 1644 1490">
     <span class='ocr_line' id='line_1_13' title="bbox 201 1094 1639 1152; baseline -0.003 -9"><span class='ocrx_word' id='word_1_119' title='bbox 201 1102 313 1145; x_wconf 80' lang='lat' dir='ltr'><em>Jens.</em></span> <span class='ocrx_word' id='word_1_120' title='bbox 343 1110 383 1142; x_wconf 84' lang='lat' dir='ltr'><em>et</em></span> <span class='ocrx_word' id='word_1_121' title='bbox 415 1101 506 1141; x_wconf 83' lang='lat' dir='ltr'><em>edd.</em></span> <span class='ocrx_word' id='word_1_122' title='bbox 538 1109 630 1140; x_wconf 83' lang='lat' dir='ltr'><em>ante</em></span> <span class='ocrx_word' id='word_1_123' title='bbox 660 1098 785 1139; x_wconf 86' lang='lat' dir='ltr'><em>Stoer.</em></span> <span class='ocrx_word' id='word_1_124' title='bbox 815 1101 902 1138; x_wconf 74' lang='lat' dir='ltr'><em>erit.</em></span> <span class='ocrx_word' id='word_1_125' title='bbox 1000 1108 1104 1152; x_wconf 81' lang='lat' dir='ltr'><em>capt.</em></span> <span class='ocrx_word' id='word_1_126' title='bbox 1132 1107 1201 1139; x_wconf 76' lang='lat' dir='ltr'><em>est.</em></span> <span class='ocrx_word' id='word_1_127' title='bbox 1252 1094 1387 1138; x_wconf 85' lang='lat' dir='ltr'><strong>Guelf.</strong></span> <span class='ocrx_word' id='word_1_128' title='bbox 1417 1107 1521 1152; x_wconf 89' lang='lat' dir='ltr'><em>capt.</em></span> <span class='ocrx_word' id='word_1_129' title='bbox 1542 1108 1639 1138; x_wconf 82' lang='lat' dir='ltr'><em>erat.</em></span> 
     </span>
     <span class='ocr_line' id='line_1_14' title="bbox 288 1165 1640 1219; baseline -0.002 -10"><span class='ocrx_word' id='word_1_130' title='bbox 288 1181 330 1209; x_wconf 83' lang='lat' dir='ltr'><em>ut</em></span> <span class='ocrx_word' id='word_1_131' title='bbox 352 1170 409 1209; x_wconf 76' lang='lat' dir='ltr'><em>bis</em></span> <span class='ocrx_word' id='word_1_132' title='bbox 431 1183 580 1219; x_wconf 85' lang='lat' dir='ltr'><em>cavere,</em></span> <span class='ocrx_word' id='word_1_133' title='bbox 612 1168 683 1207; x_wconf 79' lang='lat' dir='ltr'><em>bis.</em></span> <span class='ocrx_word' id='word_1_134' title='bbox 733 1166 859 1209; x_wconf 85' lang='lat' dir='ltr'><em>Amb.</em></span> <span class='ocrx_word' id='word_1_135' title='bbox 885 1172 923 1208; x_wconf 89' lang='lat'><em>1.</em></span> <span class='ocrx_word' id='word_1_136' title='bbox 954 1166 1020 1206; x_wconf 65' lang='lat' dir='ltr'><em>uba·</em></span> <span class='ocrx_word' id='word_1_137' title='bbox 1045 1180 1088 1205; x_wconf 86' lang='lat' dir='ltr'><em>sc</em></span> <span class='ocrx_word' id='word_1_138' title='bbox 1109 1165 1314 1218; x_wconf 63' lang='lat' dir='ltr'><em>maerebis,</em></span> <span class='ocrx_word' id='word_1_139' title='bbox 1348 1165 1418 1205; x_wconf 84' lang='lat' dir='ltr'><em>sed</em></span> <span class='ocrx_word' id='word_1_140' title='bbox 1445 1180 1466 1205; x_wconf 79' lang='lat' dir='ltr'><em>a</em></span> <span class='ocrx_word' id='word_1_141' title='bbox 1484 1181 1561 1206; x_wconf 85' lang='lat' dir='ltr'><em>sec.</em></span> <span class='ocrx_word' id='word_1_142' title='bbox 1586 1181 1640 1206; x_wconf 90' lang='lat' dir='ltr'><em>m.</em></span> 
     </span>
     <span class='ocr_line' id='line_1_15' title="bbox 202 1236 573 1279; baseline -0.008 0"><span class='ocrx_word' id='word_1_143' title='bbox 202 1239 272 1279; x_wconf 79' lang='lat' dir='ltr'><em>uhi</em></span> <span class='ocrx_word' id='word_1_144' title='bbox 298 1240 356 1277; x_wconf 85' lang='lat' dir='ltr'><em>sic</em></span> <span class='ocrx_word' id='word_1_145' title='bbox 389 1254 413 1276; x_wconf 82' lang='lat' dir='ltr'><em>a</em></span> <span class='ocrx_word' id='word_1_146' title='bbox 434 1236 573 1276; x_wconf 75' lang='lat' dir='ltr'><em>verbis.</em></span> 
     </span>
     <span class='ocr_line' id='line_1_16' title="bbox 317 1299 1640 1359; baseline -0.002 -15"><span class='ocrx_word' id='word_1_147' title='bbox 317 1304 404 1359; x_wconf 85' lang='lat' dir='ltr'><em>[De</em></span> <span class='ocrx_word' id='word_1_148' title='bbox 430 1320 547 1342; x_wconf 76' lang='lat' dir='ltr'><em>manu</em></span> <span class='ocrx_word' id='word_1_149' title='bbox 577 1301 846 1356; x_wconf 74' lang='lat' dir='ltr'><em>gladiatorum</em></span> <span class='ocrx_word' id='word_1_150' title='bbox 876 1299 1084 1355; x_wconf 80' lang='lat' dir='ltr'><em>Spalding.</em></span> <span class='ocrx_word' id='word_1_151' title='bbox 1116 1303 1237 1340; x_wconf 82' lang='lat' dir='ltr'><em>etiam</em></span> <span class='ocrx_word' id='word_1_152' title='bbox 1265 1299 1407 1341; x_wconf 80' lang='lat' dir='ltr'><em>Seneo.</em></span> <span class='ocrx_word' id='word_1_153' title='bbox 1442 1304 1554 1354; x_wconf 85' lang='lat' dir='ltr'><em>epist.</em></span> <span class='ocrx_word' id='word_1_154' title='bbox 1586 1306 1640 1342; x_wconf 79' lang='lat'><em>29</em></span> 
     </span>
     <span class='ocr_line' id='line_1_17' title="bbox 202 1368 1644 1425; baseline -0.005 -12"><span class='ocrx_word' id='word_1_155' title='bbox 202 1375 375 1415; x_wconf 83' lang='lat' dir='ltr'><em>conferri</em></span> <span class='ocrx_word' id='word_1_156' title='bbox 402 1374 511 1422; x_wconf 84' lang='lat' dir='ltr'><em>jussit</em></span> <span class='ocrx_word' id='word_1_157' title='bbox 527 1401 539 1422; x_wconf 83' lang='lat'><strong>,</strong></span> <span class='ocrx_word' id='word_1_158' title='bbox 588 1373 659 1409; x_wconf 86' lang='lat' dir='ltr'><em>ubi</em></span> <span class='ocrx_word' id='word_1_159' title='bbox 689 1378 747 1409; x_wconf 85' lang='lat' dir='ltr'><em>est</em></span> <span class='ocrx_word' id='word_1_160' title='bbox 769 1369 989 1423; x_wconf 78' lang='lat' dir='ltr'><em>spargenda</em></span> <span class='ocrx_word' id='word_1_161' title='bbox 1014 1379 1070 1408; x_wconf 83' lang='lat' dir='ltr'><em>est</em></span> <span class='ocrx_word' id='word_1_162' title='bbox 1089 1384 1224 1408; x_wconf 75' lang='lat' dir='ltr'><em>manus</em></span> <span class='ocrx_word' id='word_1_163' title='bbox 1254 1383 1324 1422; x_wconf 86' lang='lat' dir='ltr'><em>pro</em></span> <span class='ocrx_word' id='word_1_164' title='bbox 1346 1368 1644 1425; x_wconf 62' lang='lat' dir='ltr'><em>circumferenda*</em></span> 
     </span>
     <span class='ocr_line' id='line_1_18' title="bbox 202 1439 462 1490; baseline -0.019 -9"><span class='ocrx_word' id='word_1_165' title='bbox 202 1451 291 1481; x_wconf 71' lang='lat' dir='ltr'><em>cunt</em></span> <span class='ocrx_word' id='word_1_166' title='bbox 318 1443 431 1479; x_wconf 78' lang='lat' dir='ltr'><em>ictus.</em></span> <span class='ocrx_word' id='word_1_167' title='bbox 442 1439 462 1490; x_wconf 96' lang='lat'><em>]</em></span> 
     </span>
    </p>
   </div>
   <div class='ocr_carea' id='block_1_7' title="bbox 313 1511 1644 1601">
    <p class='ocr_par' dir='ltr' id='par_1_7' title="bbox 313 1511 1644 1601">
     <span class='ocr_line' id='line_1_19' title="bbox 313 1511 1644 1601; baseline -0.002 -46"><span class='ocrx_word' id='word_1_168' title='bbox 313 1521 348 1601; x_wconf 69' lang='grc' dir='ltr'><em>ξἐ</em></span> <span class='ocrx_word' id='word_1_169' title='bbox 379 1521 445 1559; x_wconf 92' lang='lat'><em>55.</em></span> <span class='ocrx_word' id='word_1_170' title='bbox 502 1515 621 1556; x_wconf 79' lang='lat' dir='ltr'><em>ducit.</em></span> <span class='ocrx_word' id='word_1_171' title='bbox 678 1513 759 1554; x_wconf 82' lang='lat' dir='ltr'><em>Sed</em></span> <span class='ocrx_word' id='word_1_172' title='bbox 787 1513 898 1553; x_wconf 84' lang='lat' dir='ltr'><em>illam</em></span> <span class='ocrx_word' id='word_1_173' title='bbox 928 1515 1058 1554; x_wconf 76' lang='lat' dir='ltr'><em>etiam.</em></span> <span class='ocrx_word' id='word_1_174' title='bbox 1118 1511 1551 1554; x_wconf 75' lang='lat' dir='ltr'><em>Amb.1.c1.etiam</em></span> <span class='ocrx_word' id='word_1_175' title='bbox 1588 1525 1644 1554; x_wconf 75' lang='lat' dir='ltr'><em>est</em></span> 
     </span>
    </p>
   </div>
   <div class='ocr_carea' id='block_1_8' title="bbox 200 1584 1649 2421">
    <p class='ocr_par' dir='ltr' id='par_1_8' title="bbox 200 1584 1649 1937">
     <span class='ocr_line' id='line_1_20' title="bbox 202 1584 1645 1659; baseline -0.003 -9"><span class='ocrx_word' id='word_1_176' title='bbox 202 1584 273 1651; x_wconf 64' lang='lat' dir='ltr'><em>illa</em></span> <span class='ocrx_word' id='word_1_177' title='bbox 295 1620 417 1659; x_wconf 79' lang='lat' dir='ltr'><em>etam,</em></span> <span class='ocrx_word' id='word_1_178' title='bbox 458 1609 595 1646; x_wconf 82' lang='lat' dir='ltr'><em>literae</em></span> <span class='ocrx_word' id='word_1_179' title='bbox 621 1621 646 1644; x_wconf 81' lang='lat' dir='ltr'><em>a</em></span> <span class='ocrx_word' id='word_1_180' title='bbox 680 1613 719 1643; x_wconf 89' lang='lat' dir='ltr'><em>et</em></span> <span class='ocrx_word' id='word_1_181' title='bbox 747 1606 763 1643; x_wconf 84' lang='lat' dir='ltr'><em>i</em></span> <span class='ocrx_word' id='word_1_182' title='bbox 792 1606 1077 1658; x_wconf 76' lang='lat' dir='ltr'><em>superscriptae</em></span> <span class='ocrx_word' id='word_1_183' title='bbox 1095 1613 1190 1643; x_wconf 77' lang='lat' dir='ltr'><em>snut</em></span> <span class='ocrx_word' id='word_1_184' title='bbox 1217 1618 1239 1643; x_wconf 81' lang='lat' dir='ltr'><em>a</em></span> <span class='ocrx_word' id='word_1_185' title='bbox 1260 1619 1336 1643; x_wconf 84' lang='lat' dir='ltr'><em>sec.</em></span> <span class='ocrx_word' id='word_1_186' title='bbox 1358 1618 1415 1643; x_wconf 89' lang='lat' dir='ltr'><em>m.</em></span> <span class='ocrx_word' id='word_1_187' title='bbox 1431 1602 1589 1657; x_wconf 87' lang='lat' dir='ltr'><em>,.Flor</em></span> <span class='ocrx_word' id='word_1_188' title='bbox 1620 1620 1645 1645; x_wconf 78' lang='lat' dir='ltr'><em>a</em></span> 
     </span>
     <span class='ocr_line' id='line_1_21' title="bbox 203 1670 1647 1732; baseline -0.003 -16"><span class='ocrx_word' id='word_1_189' title='bbox 203 1693 263 1732; x_wconf 84' lang='lat' dir='ltr'><em>pr.</em></span> <span class='ocrx_word' id='word_1_190' title='bbox 283 1691 339 1715; x_wconf 88' lang='lat' dir='ltr'><em>m.</em></span> <span class='ocrx_word' id='word_1_191' title='bbox 361 1689 521 1729; x_wconf 87' lang='lat' dir='ltr'><strong>quoque</strong></span> <span class='ocrx_word' id='word_1_192' title='bbox 541 1672 581 1711; x_wconf 86' lang='lat' dir='ltr'><em>d.</em></span> <span class='ocrx_word' id='word_1_193' title='bbox 603 1682 636 1710; x_wconf 83' lang='lat' dir='ltr'><em>ct</em></span> <span class='ocrx_word' id='word_1_194' title='bbox 657 1687 740 1710; x_wconf 87' lang='lat' dir='ltr'><em>eam</em></span> <span class='ocrx_word' id='word_1_195' title='bbox 758 1681 813 1710; x_wconf 86' lang='lat' dir='ltr'><em>est</em></span> <span class='ocrx_word' id='word_1_196' title='bbox 835 1671 900 1710; x_wconf 82' lang='lat' dir='ltr'><em>ille</em></span> <span class='ocrx_word' id='word_1_197' title='bbox 921 1681 1118 1724; x_wconf 74' lang='lat' dir='ltr'><em>tamquam</em></span> <span class='ocrx_word' id='word_1_198' title='bbox 1140 1670 1206 1709; x_wconf 82' lang='lat' dir='ltr'><em>sed</em></span> <span class='ocrx_word' id='word_1_199' title='bbox 1223 1671 1295 1710; x_wconf 81' lang='lat' dir='ltr'><em>illa</em></span> <span class='ocrx_word' id='word_1_200' title='bbox 1316 1673 1445 1711; x_wconf 86' lang='lat' dir='ltr'><em>etiam.</em></span> <span class='ocrx_word' id='word_1_201' title='bbox 1545 1674 1647 1711; x_wconf 84' lang='lat' dir='ltr'><em>reci-</em></span> 
     </span>
     <span class='ocr_line' id='line_1_22' title="bbox 200 1737 1645 1800; baseline -0.003 -17"><span class='ocrx_word' id='word_1_202' title='bbox 200 1747 276 1800; x_wconf 85' lang='lat' dir='ltr'><em>pit.</em></span> <span class='ocrx_word' id='word_1_203' title='bbox 326 1742 462 1783; x_wconf 79' lang='lat' dir='ltr'><em>Turio.</em></span> <span class='ocrx_word' id='word_1_204' title='bbox 487 1741 639 1794; x_wconf 79' lang='lat' dir='ltr'><em>recepit.</em></span> <span class='ocrx_word' id='word_1_205' title='bbox 753 1738 900 1794; x_wconf 75' lang='lat' dir='ltr'><em>qualiS.</em></span> <span class='ocrx_word' id='word_1_206' title='bbox 950 1737 1078 1779; x_wconf 88' lang='lat' dir='ltr'><em>Amb.</em></span> <span class='ocrx_word' id='word_1_207' title='bbox 1106 1742 1142 1778; x_wconf 86' lang='lat'><em>1.</em></span> <span class='ocrx_word' id='word_1_208' title='bbox 1167 1737 1285 1792; x_wconf 82' lang='lat' dir='ltr'><em>quali.</em></span> <span class='ocrx_word' id='word_1_209' title='bbox 1396 1755 1516 1793; x_wconf 81' lang='lat' dir='ltr'><em>supra</em></span> <span class='ocrx_word' id='word_1_210' title='bbox 1538 1738 1645 1778; x_wconf 68' lang='lat' dir='ltr'><em>dixi.</em></span> 
     </span>
     <span class='ocr_line' id='line_1_23' title="bbox 204 1803 1649 1866; baseline -0.005 -13"><span class='ocrx_word' id='word_1_211' title='bbox 204 1811 315 1854; x_wconf 83' lang='lat' dir='ltr'><em>Jens.</em></span> <span class='ocrx_word' id='word_1_212' title='bbox 346 1819 385 1850; x_wconf 89' lang='lat' dir='ltr'><em>et</em></span> <span class='ocrx_word' id='word_1_213' title='bbox 410 1809 500 1848; x_wconf 87' lang='lat' dir='ltr'><em>edd.</em></span> <span class='ocrx_word' id='word_1_214' title='bbox 533 1816 625 1847; x_wconf 78' lang='lat' dir='ltr'><em>ante</em></span> <span class='ocrx_word' id='word_1_215' title='bbox 650 1803 759 1847; x_wconf 83' lang='lat' dir='ltr'><em>Gibs.</em></span> <span class='ocrx_word' id='word_1_216' title='bbox 781 1806 818 1846; x_wconf 87' lang='lat' dir='ltr'><em>d.</em></span> <span class='ocrx_word' id='word_1_217' title='bbox 841 1822 873 1845; x_wconf 76' lang='grc' dir='ltr'><strong>ε.</strong></span> <span class='ocrx_word' id='word_1_218' title='bbox 967 1807 1097 1845; x_wconf 80' lang='lat' dir='ltr'><em>etiam.</em></span> <span class='ocrx_word' id='word_1_219' title='bbox 1144 1804 1269 1846; x_wconf 80' lang='lat' dir='ltr'><em>Amb.</em></span> <span class='ocrx_word' id='word_1_220' title='bbox 1296 1810 1335 1847; x_wconf 84' lang='lat'><em>2.</em></span> <span class='ocrx_word' id='word_1_221' title='bbox 1359 1807 1469 1846; x_wconf 81' lang='lat' dir='ltr'><em>tiam.</em></span> <span class='ocrx_word' id='word_1_222' title='bbox 1550 1806 1649 1866; x_wconf 56' lang='lat' dir='ltr'><em>fiv-</em></span> 
     </span>
     <span class='ocr_line' id='line_1_24' title="bbox 203 1871 1400 1937; baseline -0.005 -18"><span class='ocrx_word' id='word_1_223' title='bbox 203 1881 392 1937; x_wconf 81' lang='lat' dir='ltr'><em>quentior.</em></span> <span class='ocrx_word' id='word_1_224' title='bbox 445 1876 585 1928; x_wconf 82' lang='lat' dir='ltr'><em>Camp.</em></span> <span class='ocrx_word' id='word_1_225' title='bbox 598 1873 862 1931; x_wconf 72' lang='lat' dir='ltr'><em>fi·equeniius.</em></span> <span class='ocrx_word' id='word_1_226' title='bbox 967 1875 1034 1913; x_wconf 82' lang='lat' dir='ltr'><em>rei.</em></span> <span class='ocrx_word' id='word_1_227' title='bbox 1082 1871 1245 1915; x_wconf 78' lang='lat' dir='ltr'><em>Omittit</em></span> <span class='ocrx_word' id='word_1_228' title='bbox 1264 1871 1400 1913; x_wconf 77' lang='lat' dir='ltr'><em>Turic-</em></span> 
     </span>
    </p>

    <p class='ocr_par' dir='ltr' id='par_1_9' title="bbox 205 1950 1649 2421">
     <span class='ocr_line' id='line_1_25' title="bbox 321 1950 1647 2010; baseline -0.004 -15"><span class='ocrx_word' id='word_1_229' title='bbox 321 1958 360 2009; x_wconf 87' lang='lat'><em>§.</em></span> <span class='ocrx_word' id='word_1_230' title='bbox 393 1960 458 1997; x_wconf 88' lang='grc'><strong>56.</strong></span> <span class='ocrx_word' id='word_1_231' title='bbox 514 1953 726 2010; x_wconf 78' lang='lat' dir='ltr'><em>probandi.</em></span> <span class='ocrx_word' id='word_1_232' title='bbox 783 1952 908 1993; x_wconf 89' lang='lat' dir='ltr'><em>Amb.</em></span> <span class='ocrx_word' id='word_1_233' title='bbox 936 1958 969 1993; x_wconf 84' lang='grc'><strong>1.</strong></span> <span class='ocrx_word' id='word_1_234' title='bbox 1003 1952 1232 2008; x_wconf 77' lang='lat' dir='ltr'><em>probandis.</em></span> <span class='ocrx_word' id='word_1_235' title='bbox 1360 1950 1647 2008; x_wconf 77' lang='lat' dir='ltr'><em>refutandique.</em></span> 
     </span>
     <span class='ocr_line' id='line_1_26' title="bbox 205 2017 1645 2078; baseline -0.005 -11"><span class='ocrx_word' id='word_1_236' title='bbox 205 2025 330 2068; x_wconf 85' lang='lat' dir='ltr'><em>Amb.</em></span> <span class='ocrx_word' id='word_1_237' title='bbox 354 2029 389 2065; x_wconf 81' lang='grc'><strong>1.</strong></span> <span class='ocrx_word' id='word_1_238' title='bbox 407 2023 514 2063; x_wconf 88' lang='lat' dir='ltr'><em>Flor.</em></span> <span class='ocrx_word' id='word_1_239' title='bbox 537 2038 559 2062; x_wconf 83' lang='lat' dir='ltr'><em>a</em></span> <span class='ocrx_word' id='word_1_240' title='bbox 576 2039 637 2076; x_wconf 86' lang='lat' dir='ltr'><em>pr.</em></span> <span class='ocrx_word' id='word_1_241' title='bbox 658 2037 714 2062; x_wconf 85' lang='lat' dir='ltr'><em>ln.</em></span> <span class='ocrx_word' id='word_1_242' title='bbox 736 2017 1042 2078; x_wconf 70' lang='lat' dir='ltr'><em>refutandisque.</em></span> <span class='ocrx_word' id='word_1_243' title='bbox 1152 2019 1396 2060; x_wconf 81' lang='lat' dir='ltr'><em>adornanda.</em></span> <span class='ocrx_word' id='word_1_244' title='bbox 1453 2017 1576 2061; x_wconf 89' lang='lat' dir='ltr'><em>Amb.</em></span> <span class='ocrx_word' id='word_1_245' title='bbox 1607 2024 1645 2060; x_wconf 83' lang='grc'><strong>1.</strong></span> 
     </span>
     <span class='ocr_line' id='line_1_27' title="bbox 206 2085 1647 2136; baseline -0.006 0"><span class='ocrx_word' id='word_1_246' title='bbox 206 2092 400 2136; x_wconf 86' lang='lat' dir='ltr'><em>ornanda.</em></span> <span class='ocrx_word' id='word_1_247' title='bbox 486 2093 576 2130; x_wconf 83' lang='lat' dir='ltr'><em>sint.</em></span> <span class='ocrx_word' id='word_1_248' title='bbox 621 2089 742 2130; x_wconf 85' lang='lat' dir='ltr'><em>Amb.</em></span> <span class='ocrx_word' id='word_1_249' title='bbox 765 2094 801 2129; x_wconf 88' lang='lat'><em>1.</em></span> <span class='ocrx_word' id='word_1_250' title='bbox 828 2099 929 2129; x_wconf 81' lang='lat' dir='ltr'><em>sunt.</em></span> <span class='ocrx_word' id='word_1_251' title='bbox 985 2087 1118 2129; x_wconf 86' lang='lat' dir='ltr'><strong>Guelf.</strong></span> <span class='ocrx_word' id='word_1_252' title='bbox 1139 2090 1203 2128; x_wconf 80' lang='lat' dir='ltr'><em>sit.</em></span> <span class='ocrx_word' id='word_1_253' title='bbox 1288 2086 1511 2127; x_wconf 80' lang='lat' dir='ltr'><em>docendum.</em></span> <span class='ocrx_word' id='word_1_254' title='bbox 1556 2085 1647 2127; x_wconf 85' lang='lat' dir='ltr'><em>Par.</em></span> 
     </span>
     <span class='ocr_line' id='line_1_28' title="bbox 208 2152 1561 2211; baseline -0.007 -7"><span class='ocrx_word' id='word_1_255' title='bbox 208 2168 249 2203; x_wconf 87' lang='lat'><em>1.</em></span> <span class='ocrx_word' id='word_1_256' title='bbox 271 2168 307 2203; x_wconf 88' lang='grc'><em>2.</em></span> <span class='ocrx_word' id='word_1_257' title='bbox 331 2166 370 2200; x_wconf 89' lang='grc'><strong>3.</strong></span> <span class='ocrx_word' id='word_1_258' title='bbox 393 2158 504 2200; x_wconf 88' lang='lat' dir='ltr'><em>Sich.</em></span> <span class='ocrx_word' id='word_1_259' title='bbox 525 2161 645 2198; x_wconf 85' lang='lat' dir='ltr'><em>etiam</em></span> <span class='ocrx_word' id='word_1_260' title='bbox 666 2155 881 2197; x_wconf 76' lang='lat' dir='ltr'><em>dicendum.</em></span> <span class='ocrx_word' id='word_1_261' title='bbox 986 2152 1093 2211; x_wconf 75' lang='lat' dir='ltr'><em>quod</em></span> <span class='ocrx_word' id='word_1_262' title='bbox 1109 2155 1188 2196; x_wconf 84' lang='lat' dir='ltr'><em>vol.</em></span> <span class='ocrx_word' id='word_1_263' title='bbox 1237 2152 1374 2196; x_wconf 87' lang='lat' dir='ltr'><strong>Guelf.</strong></span> <span class='ocrx_word' id='word_1_264' title='bbox 1405 2170 1504 2209; x_wconf 81' lang='lat' dir='ltr'><em>quae</em></span> <span class='ocrx_word' id='word_1_265' title='bbox 1523 2169 1561 2194; x_wconf 88' lang='grc' dir='ltr'><strong>υ.</strong></span> 
     </span>
     <span class='ocr_line' id='line_1_29' title="bbox 207 2221 1648 2281; baseline -0.008 -10"><span class='ocrx_word' id='word_1_266' title='bbox 207 2245 359 2271; x_wconf 85' lang='lat' dir='ltr'><em>accom.</em></span> <span class='ocrx_word' id='word_1_267' title='bbox 391 2237 521 2267; x_wconf 80' lang='lat' dir='ltr'><em>tamen</em></span> <span class='ocrx_word' id='word_1_268' title='bbox 553 2242 606 2266; x_wconf 85' lang='lat' dir='ltr'><em>er.</em></span> <span class='ocrx_word' id='word_1_269' title='bbox 630 2224 705 2281; x_wconf 61' lang='lat' dir='ltr'><em>i&#39;ffi</em></span> <span class='ocrx_word' id='word_1_270' title='bbox 753 2222 879 2265; x_wconf 82' lang='lat' dir='ltr'><em>Amb.</em></span> <span class='ocrx_word' id='word_1_271' title='bbox 902 2222 942 2265; x_wconf 67' lang='lat' dir='ltr'><em>tl.</em></span> <span class='ocrx_word' id='word_1_272' title='bbox 972 2221 1082 2264; x_wconf 87' lang='lat' dir='ltr'><em>Flor.</em></span> <span class='ocrx_word' id='word_1_273' title='bbox 1112 2237 1270 2278; x_wconf 84' lang='lat' dir='ltr'><strong>quoque</strong></span> <span class='ocrx_word' id='word_1_274' title='bbox 1304 2239 1342 2262; x_wconf 87' lang='lat' dir='ltr'><em>a.</em></span> <span class='ocrx_word' id='word_1_275' title='bbox 1369 2222 1535 2276; x_wconf 78' lang='lat' dir='ltr'><em>pecunia</em></span> <span class='ocrx_word' id='word_1_276' title='bbox 1565 2231 1593 2260; x_wconf 92' lang='lat' dir='ltr'><em>t.</em></span> <span class='ocrx_word' id='word_1_277' title='bbox 1615 2237 1648 2260; x_wconf 89' lang='lat' dir='ltr'><em>e.</em></span> 
     </span>
     <span class='ocr_line' id='line_1_30' title="bbox 207 2287 1649 2348; baseline -0.005 -12"><span class='ocrx_word' id='word_1_278' title='bbox 207 2308 244 2336; x_wconf 80' lang='lat' dir='ltr'><em>et</em></span> <span class='ocrx_word' id='word_1_279' title='bbox 272 2299 301 2338; x_wconf 86' lang='lat' dir='ltr'><em>i.</em></span> <span class='ocrx_word' id='word_1_280' title='bbox 386 2304 488 2336; x_wconf 79' lang='lat' dir='ltr'><em>orat.</em></span> <span class='ocrx_word' id='word_1_281' title='bbox 510 2295 607 2348; x_wconf 84' lang='lat' dir='ltr'><em>spir.</em></span> <span class='ocrx_word' id='word_1_282' title='bbox 660 2292 799 2345; x_wconf 80' lang='lat' dir='ltr'><em>Camp.</em></span> <span class='ocrx_word' id='word_1_283' title='bbox 825 2307 856 2333; x_wconf 79' lang='lat' dir='ltr'><em>s.</em></span> <span class='ocrx_word' id='word_1_284' title='bbox 877 2307 913 2333; x_wconf 92' lang='grc' dir='ltr'><strong>ο.</strong></span> <span class='ocrx_word' id='word_1_285' title='bbox 1006 2287 1251 2347; x_wconf 77' lang='lat' dir='ltr'><em>impleantur.</em></span> <span class='ocrx_word' id='word_1_286' title='bbox 1304 2288 1372 2330; x_wconf 80' lang='lat' dir='ltr'><em>Sic</em></span> <span class='ocrx_word' id='word_1_287' title='bbox 1396 2291 1517 2330; x_wconf 81' lang='lat' dir='ltr'><em>etiam</em></span> <span class='ocrx_word' id='word_1_288' title='bbox 1534 2287 1649 2329; x_wconf 76' lang='lat' dir='ltr'><em>Sich.</em></span> 
     </span>
     <span class='ocr_line' id='line_1_31' title="bbox 208 2361 828 2421; baseline -0.006 -15"><span class='ocrx_word' id='word_1_289' title='bbox 208 2363 415 2421; x_wconf 71' lang='lat' dir='ltr'><em>implentur</em></span> <span class='ocrx_word' id='word_1_290' title='bbox 446 2365 568 2402; x_wconf 81' lang='lat' dir='ltr'><em>etiam</em></span> <span class='ocrx_word' id='word_1_291' title='bbox 588 2361 711 2403; x_wconf 71' lang='lat' dir='ltr'><strong>Ajnb.</strong></span> <span class='ocrx_word' id='word_1_292' title='bbox 735 2366 769 2401; x_wconf 84' lang='grc'><strong>1.</strong></span> <span class='ocrx_word' id='word_1_293' title='bbox 789 2366 828 2403; x_wconf 84' lang='grc'><strong>2.</strong></span> 
     </span>
    </p>
   </div>
   <div class='ocr_carea' id='block_1_9' title="bbox 212 2430 1651 2768">
    <p class='ocr_par' dir='ltr' id='par_1_10' title="bbox 212 2430 1651 2768">
     <span class='ocr_line' id='line_1_32' title="bbox 321 2430 1651 2494; baseline -0.008 -12"><span class='ocrx_word' id='word_1_294' title='bbox 321 2443 359 2494; x_wconf 84' lang='lat'><em>§.</em></span> <span class='ocrx_word' id='word_1_295' title='bbox 393 2445 458 2482; x_wconf 89' lang='lat'><em>57.</em></span> <span class='ocrx_word' id='word_1_296' title='bbox 522 2441 668 2493; x_wconf 78' lang='lat' dir='ltr'><em>Quare.</em></span> <span class='ocrx_word' id='word_1_297' title='bbox 716 2438 851 2481; x_wconf 85' lang='lat' dir='ltr'><strong>Guelf.</strong></span> <span class='ocrx_word' id='word_1_298' title='bbox 873 2441 978 2494; x_wconf 80' lang='lat' dir='ltr'><em>quia.</em></span> <span class='ocrx_word' id='word_1_299' title='bbox 1066 2430 1244 2493; x_wconf 83' lang='lat' dir='ltr'><em>aliisque.</em></span> <span class='ocrx_word' id='word_1_300' title='bbox 1292 2435 1418 2478; x_wconf 82' lang='lat' dir='ltr'><em>Amb.</em></span> <span class='ocrx_word' id='word_1_301' title='bbox 1447 2440 1485 2476; x_wconf 92' lang='lat'><em>1.</em></span> <span class='ocrx_word' id='word_1_302' title='bbox 1507 2434 1651 2486; x_wconf 79' lang='lat' dir='ltr'><em>adjecit</em></span> 
     </span>
     <span class='ocr_line' id='line_1_33' title="bbox 213 2500 1647 2555; baseline -0.009 -3"><span class='ocrx_word' id='word_1_303' title='bbox 213 2511 288 2552; x_wconf 73' lang='lat' dir='ltr'><em>his.</em></span> <span class='ocrx_word' id='word_1_304' title='bbox 338 2507 462 2550; x_wconf 85' lang='lat' dir='ltr'><em>Goth.</em></span> <span class='ocrx_word' id='word_1_305' title='bbox 487 2508 593 2550; x_wconf 80' lang='lat' dir='ltr'><em>aliis.</em></span> <span class='ocrx_word' id='word_1_306' title='bbox 700 2506 807 2548; x_wconf 77' lang='lat' dir='ltr'><em>ethi.</em></span> <span class='ocrx_word' id='word_1_307' title='bbox 857 2505 983 2547; x_wconf 88' lang='lat' dir='ltr'><em>Amb.</em></span> <span class='ocrx_word' id='word_1_308' title='bbox 1005 2511 1044 2547; x_wconf 87' lang='lat'><em>2.</em></span> <span class='ocrx_word' id='word_1_309' title='bbox 1073 2504 1182 2546; x_wconf 86' lang='lat' dir='ltr'><em>Jens.</em></span> <span class='ocrx_word' id='word_1_310' title='bbox 1208 2515 1245 2545; x_wconf 91' lang='lat' dir='ltr'><em>et</em></span> <span class='ocrx_word' id='word_1_311' title='bbox 1266 2505 1356 2544; x_wconf 81' lang='lat' dir='ltr'><em>edd.</em></span> <span class='ocrx_word' id='word_1_312' title='bbox 1380 2512 1470 2543; x_wconf 81' lang='lat' dir='ltr'><em>aute</em></span> <span class='ocrx_word' id='word_1_313' title='bbox 1492 2500 1647 2555; x_wconf 87' lang='lat' dir='ltr'><em>Gryph.</em></span> 
     </span>
     <span class='ocr_line' id='line_1_34' title="bbox 212 2567 1645 2631; baseline -0.008 -13"><span class='ocrx_word' id='word_1_314' title='bbox 212 2580 320 2628; x_wconf 82' lang='lat' dir='ltr'><em>etii,</em></span> <span class='ocrx_word' id='word_1_315' title='bbox 358 2591 445 2618; x_wconf 85' lang='lat' dir='ltr'><em>exc.</em></span> <span class='ocrx_word' id='word_1_316' title='bbox 472 2576 583 2618; x_wconf 81' lang='lat' dir='ltr'><em>Sich.</em></span> <span class='ocrx_word' id='word_1_317' title='bbox 674 2576 839 2631; x_wconf 85' lang='lat' dir='ltr'><em>proprii.</em></span> <span class='ocrx_word' id='word_1_318' title='bbox 889 2571 1024 2614; x_wconf 83' lang='lat' dir='ltr'><strong>Guelf.</strong></span> <span class='ocrx_word' id='word_1_319' title='bbox 1046 2576 1208 2613; x_wconf 78' lang='lat' dir='ltr'><em>omittit.</em></span> <span class='ocrx_word' id='word_1_320' title='bbox 1312 2571 1458 2627; x_wconf 81' lang='lat' dir='ltr'><em>quibus.</em></span> <span class='ocrx_word' id='word_1_321' title='bbox 1507 2567 1645 2620; x_wconf 80' lang='lat' dir='ltr'><em>Cmnp.</em></span> 
     </span>
     <span class='ocr_line' id='line_1_35' title="bbox 212 2639 1651 2700; baseline -0.008 -16"><span class='ocrx_word' id='word_1_322' title='bbox 212 2644 262 2684; x_wconf 82' lang='lat' dir='ltr'><em>de</em></span> <span class='ocrx_word' id='word_1_323' title='bbox 279 2644 425 2699; x_wconf 71' lang='lat' dir='ltr'><em>quibus.</em></span> <span class='ocrx_word' id='word_1_324' title='bbox 475 2642 600 2685; x_wconf 82' lang='lat' dir='ltr'><em>Goth.</em></span> <span class='ocrx_word' id='word_1_325' title='bbox 621 2646 700 2700; x_wconf 83' lang='lat' dir='ltr'><em>qui.</em></span> <span class='ocrx_word' id='word_1_326' title='bbox 802 2640 989 2697; x_wconf 81' lang='lat' dir='ltr'><em>quodque.</em></span> <span class='ocrx_word' id='word_1_327' title='bbox 1036 2639 1163 2681; x_wconf 85' lang='lat' dir='ltr'><em>Amb.</em></span> <span class='ocrx_word' id='word_1_328' title='bbox 1183 2645 1238 2680; x_wconf 50' lang='grc'><em>*1.</em></span> <span class='ocrx_word' id='word_1_329' title='bbox 1270 2639 1377 2680; x_wconf 87' lang='lat' dir='ltr'><em>Flor.</em></span> <span class='ocrx_word' id='word_1_330' title='bbox 1408 2639 1528 2676; x_wconf 79' lang='lat' dir='ltr'><em>etiam</em></span> <span class='ocrx_word' id='word_1_331' title='bbox 1553 2650 1651 2689; x_wconf 85' lang='lat' dir='ltr'><em>quo-</em></span> 
     </span>
     <span class='ocr_line' id='line_1_36' title="bbox 213 2704 1647 2768; baseline -0.007 -17"><span class='ocrx_word' id='word_1_332' title='bbox 213 2729 297 2768; x_wconf 79' lang='lat' dir='ltr'><em>que.</em></span> <span class='ocrx_word' id='word_1_333' title='bbox 413 2723 478 2751; x_wconf 81' lang='lat' dir='ltr'><em>aut</em></span> <span class='ocrx_word' id='word_1_334' title='bbox 499 2714 634 2753; x_wconf 80' lang='lat' dir='ltr'><em>minus.</em></span> <span class='ocrx_word' id='word_1_335' title='bbox 682 2709 816 2752; x_wconf 84' lang='lat' dir='ltr'><strong>Guelf.</strong></span> <span class='ocrx_word' id='word_1_336' title='bbox 844 2707 907 2747; x_wconf 81' lang='lat' dir='ltr'><em>vel</em></span> <span class='ocrx_word' id='word_1_337' title='bbox 932 2725 983 2748; x_wconf 87' lang='lat' dir='ltr'><em>m.</em></span> <span class='ocrx_word' id='word_1_338' title='bbox 1101 2706 1173 2747; x_wconf 72' lang='lat' dir='ltr'><em>Ex</em></span> <span class='ocrx_word' id='word_1_339' title='bbox 1193 2707 1266 2746; x_wconf 74' lang='lat' dir='ltr'><em>his.</em></span> <span class='ocrx_word' id='word_1_340' title='bbox 1315 2705 1438 2745; x_wconf 86' lang='lat' dir='ltr'><em>Amb.</em></span> <span class='ocrx_word' id='word_1_341' title='bbox 1463 2707 1503 2743; x_wconf 90' lang='grc'><strong>2.</strong></span> <span class='ocrx_word' id='word_1_342' title='bbox 1523 2717 1577 2741; x_wconf 70' lang='lat' dir='ltr'><em>ex</em></span> <span class='ocrx_word' id='word_1_343' title='bbox 1600 2704 1647 2741; x_wconf 76' lang='lat' dir='ltr'><em>is.</em></span> 
     </span>
    </p>
   </div>
  </div>
 </body>
</html>
