1775 3091
168 239 223 275 90
597 230 870 287 Supplementa
911 234 1171 271 annotationis

277 348 313 399 §.
347 350 414 388 11.
472 344 580 386 Nam
598 356 632 384 et
651 347 713 385 iis.
773 346 813 384 in
831 354 918 398 post
938 356 973 384 et
991 348 1172 385 inserunt
1193 343 1308 387 Alm.
1332 343 1471 388 Turio.
1491 347 1597 391 Flor.

163 414 288 456 Amb.
314 419 349 454 1.
382 412 502 455 Goth.
533 414 650 454 Voss.
674 419 713 453 2.
747 411 899 467 Camp.'‘
919 413 1027 454 Jens.
1050 423 1088 453 et
1106 423 1206 467 post.
1226 424 1316 454 ante
1337 414 1447 456 Sich.
1467 448 1478 466 ‚
1517 432 1597 458 acc.

164 483 296 525 Colin.
356 482 416 520 his
448 480 553 521 Flor.
586 479 712 520 Amb.
747 486 783 520 1.
816 479 949 522 Guelf.
990 480 1128 535 Camp.
1166 481 1286 523 Tarv.
1319 481 1427 523 Ven.
1460 482 1598 536 Sich.;

161 552 232 591 sed
252 549 386 590 Turio.
409 551 470 589 iis.
582 550 756 588 veritate.
816 552 1038 589 necessitate
1066 549 1175 589 Jens.
1210 549 1330 591 Tarv.
1350 549 1448 591 Loc.
1473 551 1598 603 ven„

161 619 250 659 cod.
274 626 470 673 quantum
488 616 629 666 vide0‚
668 618 817 656 nullus.
932 616 1284 658 demonstrativum·
1332 617 1600 659 demonstran-

158 689 255 725 tium
293 685 428 725 Turio.
474 682 594 723 Bodl.
654 682 1019 725 demonstrationum
1065 685 1169 731 Jens.
1208 685 1326 726 Tarv.
1370 696 1409 726 et
1446 690 1597 726 multae

160 755 250 793 edd.
279 762 372 793 vett.
401 766 495 792 cum
521 748 642 793 Goth.
753 768 893 805 genus,
932 769 1054 808 parm.
1110 771 1232 808 perm.
1260 771 1347 807 gen.
1377 754 1484 794 Flor.

158 838 234 861 non
263 819 369 878 corgfl
399 829 435 859 et
464 835 553 860 non.
587 836 621 860 c.
658 818 797 873 Camp.
829 819 942 860 Sich.

270 890 308 939 §0
341 893 406 929 12.
465 889 651 942 quoniam
671 899 739 928 est.
793 887 983 942 quomodo
1006 899 1060 927 est
1082 887 1222 942 Camp.
1246 888 1362 930 Bodl.
1416 892 1598 943 quoniam

157 967 296 997 autem.
352 955 507 1010 quando
529 973 567 996 α.
596 955 730 1007 Flor.;
771 965 940 1010 utroque
963 958 1051 995 loco
1082 954 1196 995 Alm.
1227 973 1315 1011 quo.
1347 956 1483 997 Turio.
1505 960 1566 997 sil.

268 1028 303 1077 ξ.
338 1029 403 1064 13.
473 1034 639 1064 actores,
710 1034 813 1063 auci.
861 1022 1000 1077 Camp.
1040 1022 1160 1063 Bodl.
1278 1041 1346 1064 nec
1374 1049 1430 1056 ·—
1457 1042 1538 1065 nec.

156 1108 275 1146 neque
309 1116 366 1122 -—
403 1108 521 1146 neque
561 1091 698 1132 Turio.
742 1090 848 1131 Flor.
891 1090 1024 1131 Guelf.
1067 1090 1192 1131 Amb.
1225 1097 1264 1132 2.
1310 1091 1449 1146 Camp.
1492 1091 1593 1133 Obr.

156 1163 248 1200 fort.
287 1157 414 1198 Aan.
447 1164 485 1199 1.
597 1157 741 1213 procul
767 1168 859 1197 tam.
920 1170 1012 1198 tam.
1035 1175 1146 1213 proc.
1184 1156 1307 1199 Goth.
1340 1158 1471 1199 Guelf.
1504 1175 1596 1200 cum

154 1227 264 1269 Jens.
296 1235 335 1266 et
360 1235 461 1280 post.
490 1234 582 1266 ante
606 1224 759 1280 Gryph.
818 1224 1042 1280 Receptum
1062 1228 1243 1265 ordinem
1263 1236 1425 1267 tuentur
1455 1227 1592 1268 Turio.

152 1294 260 1336 Flor.
294 1293 433 1348 Camp.

267 1363 301 1414 ξ.
335 1362 402 1403 14.
460 1360 514 1402 αἶ.
535 1378 618 1403 nos.
668 1379 737 1402 nos
759 1360 814 1402 αἶ.
846 1360 952 1402 Flor.
1069 1376 1123 1400 cx
1146 1363 1208 1401 iis.
1251 1377 1305 1401 cx
1328 1365 1426 1417 ipsis
1449 1361 1589 1416 Camp.

152 1429 286 1472 Ceteri
313 1431 376 1470 sil.
437 1428 531 1483 [Cf.
558 1427 612 1480 H,
644 1433 693 1482 5,
723 1434 775 1471 26
808 1432 905 1470 item
935 1427 988 1480 H,
1026 1434 1091 1480 11,
1120 1430 1186 1468 14.
1218 1428 1379 1482 Spald]
1495 1446 1594 1485 quas

140 1501 257 1554 finae.
317 1514 416 1551 quae
439 1496 576 1537 Turic.
605 1497 711 1538 Flor.
739 1497 854 1538 Ajm.
968 1497 1158 1538 videntur.
1217 1497 1369 1537 videtur
1398 1496 1524 1538 Amb.
1553 1503 1591 1539 1.

149 1565 217 1606 Ex
246 1563 360 1606 AJm.
390 1564 533 1606 Bul-m,
569 1567 684 1605 affert
716 1566 919 1619 videntur,-
956 1566 1026 1605 sed
1052 1580 1144 1604 cum
1176 1565 1253 1604 hoc
1275 1568 1318 1603 111
1336 1569 1456 1619 ipsius
1475 1575 1593 1605 textu

148 1636 224 1684 sit,
273 1634 432 1674 videtur
463 1648 621 1674 errasse.
737 1633 861 1674 liberi.
922 1634 1066 1674 liberos
1103 1637 1223 1673 etiam
1253 1633 1361 1673 Flor.
1393 1633 1518 1675 Amb.
1549 1640 1588 1674 2.

147 1701 272 1743 PariS.
303 1706 340 1741 1.
378 1706 419 1741 2.
457 1704 494 1741 5.
564 1700 714 1741 siletur
752 1701 878 1742 Amb.
914 1707 952 1742 1.
1069 1701 1165 1741 alia.
1223 1699 1284 1741 Ita
1321 1705 1441 1740 etiam
1480 1701 1587 1742 Flor.

149 1768 275 1809 Amb.
309 1774 350 1809 2.
392 1767 515 1808 Paris.
549 1773 585 1808 1.
615 1774 655 1808 2.
679 1773 716 1808 3.
752 1768 853 1809 Obr.
889 1772 980 1810 fort.
1009 1768 1136 1810 Amb.
1170 1775 1207 1810 1.
1267 1780 1301 1808 et
1330 1769 1413 1810 alia
1446 1768 1586 1823 Camp.

147 1836 304 1892 aliaque
331 1839 481 1890 primus
512 1836 621 1876 dedit
657 1834 811 1891 Gryph.

201 1903 204 1905 ’
259 1907 293 1957 §.
328 1908 392 1945 15.
453 1903 558 1955 Quin
584 1903 681 1959 aliq.
743 1905 846 1955 Quin
872 1919 948 1944 om.
978 1902 1114 1945 Tul-ic.
1146 1903 1252 1944 Flor.
1282 1903 1405 1945 Amb.
1435 1911 1473 1946 1.

146 1989 214 2012 suo
244 1970 546 2027 quaequeloco.
604 1989 636 2013 8.
666 1989 816 2027 quoquc
841 1972 866 2011 l.
910 1971 1035 2012 Amb.
1069 1978 1105 2012 1.
1138 1988 1160 2011 a
1181 1989 1239 2026 pr.
1263 1989 1317 2012 m.
1349 1972 1466 2013 Voss.
1490 1978 1525 2013 1.
1547 1979 1586 2012 2.

147 2055 241 2080 cum
278 2039 388 2080 Jens.
426 2038 525 2080 ΑΜ.
651 2050 778 2079 tamen
809 2057 866 2079 ne.
935 2057 981 2079 ne
1011 2051 1104 2079 tam.
1147 2040 1278 2092 Obr.‚
1329 2056 1414 2080 non
1455 2041 1584 2080 addjc.

146 2106 272 2148 Amb.
304 2111 341 2146 1.

711 2219 743 2260 C
774 2234 803 2259 A
836 2235 873 2259 P.
931 2217 1020 2260 XI.

254 2310 291 2362 §.
325 2314 362 2349 1.
419 2308 522 2348 hinc.
582 2309 651 2348 hic
679 2311 800 2349 etiam
815 2308 923 2350 Flor.
945 2307 1072 2350 Amb.
1096 2315 1135 2350 2.
1166 2308 1289 2350 Paris.
1317 2315 1352 2350 1.
1376 2313 1414 2351 5.
1442 2309 1581 2364 Camp.

145 2378 239 2417 1ιίηο
275 2376 399 2418 Paris.
434 2383 474 2418 2.
599 2378 741 2418 obstat.
810 2377 939 2417 obstin
981 2376 1121 2430 Camp.
1244 2388 1389 2431 putent.
1445 2390 1585 2433 putant

145 2443 284 2498 Camp.
307 2460 400 2484 cum
419 2443 537 2485 Voss·
564 2450 601 2486 1.
626 2450 664 2485 3.
775 2461 894 2498 cgere.
956 2444 1078 2498 legere
1108 2449 1229 2485 etiam
1258 2446 1364 2486 Flor.
1397 2461 1419 2485 a
1443 2463 1502 2499 pr.
1526 2462 1582 2484 m.

227 2511 456 2565 hujusmodi.
517 2515 647 2568 cjusm.
674 2512 809 2553 Turic-
839 2510 961 2552 Goth.
992 2512 1132 2566 Camp.
1162 2513 1269 2553 Jens.
1301 2529 1393 2553 cum
1423 2523 1583 2567 posterr.

144 2587 237 2618 ante
257 2578 388 2620 Colin.
504 2592 538 2620 ει
556 2580 715 2634 vulgari
731 2579 845 2620 modo
872 2595 951 2620 om.
976 2579 1098 2632 Obr.,
1132 2596 1215 2620 11011
1243 2583 1371 2621 addjc.
1394 2580 1517 2620 Amb.
1543 2583 1579 2617 1.

228 2649 361 2698 magni
388 2664 504 2702 quoq.
565 2665 681 2703 quoq.
708 2664 848 2700 ,magm
879 2647 987 2688 Jens.
1021 2657 1060 2687 et
1093 2653 1193 2688 aliae
1227 2650 1314 2687 edd.
1347 2655 1461 2696 vest,
1493 2646 1579 2685 cod.

146 2714 294 2752 nullus.
389 2712 530 2767 νόημα.
579 2719 729 2769 enigma
750 2715 873 2756 Amb.
912 2720 949 2755 1.
1046 2715 1135 2767 secl,
1165 2719 1211 2756 si.
1259 2714 1327 2753 secl
1344 2729 1421 2753 om.
1442 2713 1577 2753 Turio.
