1775 3091
256 105 382 141 XXVI

255 204 408 245 editori
437 213 662 254 excerpere
692 196 838 246 libuit,
870 195 944 236 sed
974 193 1158 237 absoluti
1187 197 1372 235 omnium
1400 194 1627 236 verborum
1655 203 1696 235 et

255 283 516 324 locutionum
546 286 712 319 extant:
742 277 851 317 sicut
879 273 1017 316 adhuc
1048 277 1092 315 in
1123 274 1294 329 egregio
1322 273 1461 315 lexico
1492 271 1699 314 Forcelli-

257 365 384 403 niano
417 357 533 400 dolui
561 353 814 404 Quintiliani
852 362 893 394 et
922 353 1085 404 Taciti,
1126 353 1231 394 adde
1261 354 1389 394 etiam
1419 351 1556 393 Curtii
1583 365 1700 392 men-

258 442 416 481 tionem
440 448 633 479 mancam
658 446 751 474 esse
774 441 816 473 et
835 433 1145 488 imperfectam,
1178 433 1435 488 omninoque
1460 439 1700 486 argenteae,

260 532 368 574 quae
408 517 583 564 dicitur,
629 512 779 552 aetatis
817 525 1054 552 sermonem
1093 525 1241 566 parum
1279 519 1393 551 recte
1432 508 1700 565 explicatum.

260 596 317 636 Et
347 595 398 635 de
425 591 572 633 Curtio
605 591 772 646 quidem
801 603 886 631 nou
912 590 1058 642 miror,
1091 604 1214 646 quem
1239 588 1376 630 adhuc
1404 587 1595 644 plerique
1622 602 1704 643 quo

260 673 354 714 loco
386 671 590 712 haberent
620 668 888 718 dubitarunt,
932 677 974 708 et
1015 670 1136 723 cujus
1167 677 1331 709 textum
1361 667 1550 708 nondum
1580 667 1707 708 certis

261 760 303 792 et
332 750 447 791 velut
486 750 576 790 suis
615 748 807 802 vestigiis
839 748 1095 798 consistere,
1140 749 1329 803 quamvis
1367 746 1492 787 fateri
1529 743 1706 795 nollent,

260 829 463 884 suspicati
489 836 630 867 tamen
660 832 778 865 sunt:
810 824 885 865 sed
907 824 1170 874 Quintiliano
1197 835 1237 866 et
1257 824 1406 866 Tacito
1437 823 1552 865 haud
1581 822 1708 864 dubie

260 909 352 950 sola
389 907 576 947 indicum
619 902 788 943 exilitas
828 904 983 943 nocuit.
1062 901 1177 951 Quid
1205 916 1306 944 vero
1338 903 1447 959 qnod
1477 917 1530 943 ne
1561 901 1709 943 dolen-

261 989 360 1028 dum
391 985 560 1040 quidem
590 982 781 1032 videtur,
824 979 963 1020 adhuc
991 981 1204 1022 neminem
1234 983 1278 1023 in
1310 980 1451 1024 lexico
1485 979 1710 1030 Quintilia-

262 1080 344 1107 neo
386 1062 648 1105 conficiendo
692 1059 958 1109 elaborasse,
1009 1062 1208 1115 quoniam
1247 1075 1358 1102 nunc
1402 1057 1528 1102 facile
1579 1059 1712 1100 cuivis

264 1142 444 1199 patebit,
492 1155 617 1196 quem
646 1138 710 1179 illi
740 1137 863 1179 nobis
896 1136 1148 1186 Quintiliani
1179 1153 1418 1180 sermonem
1449 1137 1715 1179 commenda-

263 1223 346 1263 turi
396 1220 597 1268 fuissent,
649 1232 745 1258 eum
784 1231 809 1256 a
847 1230 948 1257 vero
990 1226 1031 1257 et
1072 1227 1267 1258 accurato
1317 1218 1472 1259 mirum
1512 1224 1713 1272 quantum

265 1299 521 1349 abhorrere,
562 1307 604 1338 et
642 1297 883 1351 corrigendi
911 1295 1101 1337 laborem
1131 1298 1258 1337 etiam
1286 1294 1574 1337 molestiorem
1601 1293 1713 1335 futu·

264 1393 357 1420 rum
395 1378 526 1418 fuisse
567 1391 692 1432 quam
733 1376 784 1415 de
836 1377 1002 1431 integro
1049 1375 1259 1416 faciendi?
1347 1373 1459 1416 Nam
1497 1387 1593 1414 cum
1631 1371 1715 1413 hoc

264 1458 445 1511 primum
488 1454 726 1510 Spaldingii
766 1469 867 1495 cura
908 1462 949 1494 et
989 1453 1209 1509 diligentia
1247 1454 1446 1495 effectum
1486 1461 1620 1503 esset,
1658 1461 1715 1503 ¹ut

266 1543 409 1575 textus
442 1532 756 1582 Quintilianeus
800 1532 851 1573 ab
889 1534 1096 1574 editorum
1126 1542 1315 1573 veterum
1343 1531 1514 1573 levitate
1543 1541 1586 1572 et
1626 1545 1717 1573 mu-

267 1613 383 1654 tandi
411 1612 603 1662 licentia,
654 1613 936 1652 recentiorum
966 1621 1037 1652 aut
1076 1610 1335 1666 negligentia
1372 1620 1444 1651 aut
1481 1608 1590 1652 falsa
1615 1608 1714 1651 reli-

272 1694 398 1747 gione
438 1693 483 1731 in
522 1690 677 1731 tuenda
717 1692 799 1731 ista
840 1691 959 1745 quasi
997 1692 1088 1744 jam
1132 1698 1296 1730 sacrata
1341 1691 1611 1744 antiquitate,
1660 1690 1715 1729 ad

267 1768 402 1810 solam
429 1769 620 1810 codicum
649 1782 749 1809 mss.
778 1777 990 1823 tamquam
1020 1767 1340 1823 locupletiorum
1370 1770 1540 1809 testium
1569 1776 1712 1809 aucto-

266 1849 433 1888 ritatem
462 1848 654 1887 revocari
686 1848 914 1901 coepisset3
948 1861 1028 1902 qua
1058 1861 1102 1888 re
1134 1849 1317 1888 inumeri
1346 1861 1536 1897 errores,
1568 1859 1711 1901 quam-

269 1940 394 1981 quam
440 1925 645 1974 leviores,
701 1926 775 1966 sed
813 1939 978 1966 errores
1021 1934 1186 1976 tamen,
1237 1923 1394 1966 sublati
1431 1934 1550 1966 sunt:
1598 1939 1711 1966 nunc

268 2006 436 2046 demum
474 2004 656 2044 inventis
696 2011 738 2042 et
775 2001 947 2057 prolatis
995 2005 1367 2057 praestantissimis
1403 2004 1710 2049 emendationis

270 2081 458 2123 fontibus
488 2090 628 2122 textus
658 2080 884 2121 verborum
914 2095 1007 2121 eam
1037 2091 1315 2136 consequetur
1351 2079 1615 2132 firmitatem,
1667 2090 1712 2122 ut

271 2169 361 2202 tuto
395 2161 526 2215 possit
561 2161 606 2200 in
643 2158 789 2214 plenos
827 2160 989 2200 indices
1019 2168 1060 2199 et
1089 2173 1191 2200 mox
1216 2160 1263 2199 in
1292 2156 1527 2200 lexicorum
1556 2159 1710 2202 horrea

269 2239 499 2281 transferri.
559 2236 836 2293 Quamquam,
865 2248 910 2279 ut
941 2252 1052 2279 nunc
1081 2252 1149 2278 res
1183 2246 1260 2287 est,
1292 2237 1413 2278 facile
1443 2236 1709 2293 intelligitur,

270 2319 323 2359 ad
352 2326 517 2359 nostros
555 2318 715 2358 indices
745 2317 956 2358 Fabianos
995 2331 1079 2357 non
1119 2315 1255 2357 solum
1285 2315 1499 2358 laborioso
1529 2317 1709 2372 quodam

272 2407 313 2438 et
341 2398 547 2438 industrio
575 2396 746 2437 homine
777 2411 880 2451 opus
911 2410 1026 2445 esse,
1063 2396 1138 2436 sed
1166 2397 1291 2435 etiam
1318 2396 1440 2436 docto
1468 2405 1509 2437 et
1535 2397 1598 2437 rei
1628 2398 1708 2437 cri-

269 2477 377 2516 ticae
406 2477 554 2530 perito,
587 2477 656 2531 qui
686 2490 740 2516 ex
768 2477 929 2530 ingenti
955 2475 1206 2515 variantium
1238 2473 1467 2516 lectionum
1495 2474 1706 2528 farragine

271 2555 498 2596 secundum
527 2556 628 2596 artis
657 2563 699 2596 et
728 2555 932 2597 sermonis
963 2561 1183 2610 praecepta
1212 2551 1368 2610 deligat
1392 2567 1493 2595 vera
1520 2563 1561 2595 et
1589 2567 1705 2595 man-
