1775 3091
405 225 460 267 0ιῖ
490 224 652 282 Quintil.
682 224 810 268 Insh'r.
838 222 922 274 LX,
953 227 989 265 3.
1019 222 1048 278 ξ.
1069 221 1265 265 49-86,
1477 225 1559 262 399

228 341 265 393 §·
299 346 365 383 68.
425 339 620 394 [Schiitz.
651 355 691 394 p.
721 344 773 380 30
802 353 860 393 sq.
892 354 969 378 non
996 353 1050 377 cx
1072 336 1226 389 eodem,
1266 333 1335 375 secl
1357 349 1412 374 ex
1429 335 1560 374 vicino

114 410 308 450 diversum
330 412 521 464 accipitur·
542 411 658 448 scribi
677 409 825 455 voluit,
857 421 938 445 esse
961 408 1069 444 enim
1086 407 1328 460 supplicIum
1351 413 1390 444 et
1406 405 1562 458 suppli-

115 481 315 519 cntionem
332 481 453 519 verbo
472 479 625 527 vicina,
663 489 767 530 quae
788 474 942 513 diverso
961 488 1080 513 sensu
1100 473 1407 528 acciperentur]

229 548 264 599 §.
297 551 366 586 71,
426 544 547 585 intell.
580 543 646 583 ad.
696 542 786 582 Par.
819 546 856 580 1.
885 546 924 581 2.
955 543 1073 582 inser.
1105 553 1153 582 el.
1269 540 1561 596 distinguenda.

113 612 182 655 Sic
202 613 293 654 Par.
315 618 352 652 1.
373 618 414 653 2.
496 612 746 665 proprietate.
777 608 845 649 Sic
864 608 955 649 Par,
972 614 1010 649 1.
1024 616 1065 650 2.
1120 614 1396 666 proprietatem
1416 610 1506 652 Par.
1524 615 1560 650 1.

225 685 261 734 §.
291 685 360 721 72.
420 677 581 718 leviora.
617 676 685 718 Sic
714 677 806 718 Par.
838 683 877 717 2.
938 677 1055 716 'livior
1074 689 1128 717 esi
1151 679 1242 720 Par.
1265 683 1302 720 1.

227 753 265 802 §.
296 749 363 790 74.
423 765 443 786 c
458 764 550 802 par.
572 758 696 786 contr.
728 745 796 786 Sic
816 744 906 786 Par.
930 751 967 785 1.
987 752 1026 786 2.

228 820 263 869 §.
296 819 363 857 75.
426 814 672 869 [Schiitzius
700 830 740 868 p.
765 819 813 855 31
848 828 942 853 011111
969 816 1103 854 locum
1137 817 1192 855 sic
1222 817 1410 870 expedire
1438 833 1563 858 cona-

115 894 234 935 retur,
259 893 304 924 ut
327 901 403 939 par
425 898 508 922 non
529 881 812 934 Adiectivum,
843 883 913 923 sed
933 881 1236 925 Substantivum
1256 901 1337 925 esse
1359 895 1562 938 statueret,

115 953 168 992 ad
194 955 432 1005 scripturam
462 954 705 1005 optimorum
735 952 919 991 codicum
949 955 1131 991 animum
1151 968 1235 992 nou
1257 955 1446 1004 attendit,
1487 968 1567 1010 qua

115 1023 298 1061 restituta
318 1022 445 1060 omnis
472 1022 588 1059 facile
608 1020 800 1059 dubitatio
829 1022 1005 1060 tolletur.
1063 1018 1124 1059 Ea
1147 1019 1247 1061 haec
1267 1031 1348 1062 est:
1384 1022 1489 1061 Nam
1510 1034 1566 1062 est

114 1091 305 1143 primum,
347 1089 521 1142 quotiens
548 1088 705 1126 verbum
735 1087 851 1127 verbo
875 1098 942 1128 aut
963 1104 1039 1128 non
1065 1087 1254 1129 dissimile
1270 1089 1387 1130 valde
1411 1094 1567 1146 quaeri-

117 1167 255 1206 tur-‚-
276 1166 343 1195 aut
372 1166 472 1195 certe
499 1173 577 1210 par
610 1167 642 1194 ei
667 1158 859 1195 extremis
887 1155 1050 1211 syllabis
1074 1174 1304 1200 consonans.
1365 1159 1449 1200 Par
1470 1161 1567 1202 dicit

116 1224 226 1279 quod
247 1224 416 1262 eandem
438 1227 703 1278 quantitatem
730 1224 894 1277 habet]

232 1293 270 1342 §.
303 1296 371 1331 76.
432 1291 537 1345 quod
553 1295 616 1331 sit.
649 1291 716 1332 Sic
737 1291 828 1332 Par.
855 1298 891 1332 1.
917 1298 956 1332 2.

169 1406 172 1411 Ι
233 1362 268 1412 §.
299 1364 368 1400 77.
429 1360 518 1399 cad.
546 1360 635 1415 syll.
665 1360 755 1400 iisd.
805 1360 895 1401 Par.
928 1366 965 1399 1.
998 1366 1039 1401 2.
1069 1361 1134 1401 vel
1158 1364 1196 1401 in
1223 1365 1286 1404 iis.
1388 1365 1566 1407 similem.

118 1427 210 1468 Par.
234 1433 271 1467 1.
294 1433 333 1468 2.
356 1427 495 1468 simile.
593 1430 729 1482 finem.
767 1427 836 1468 Sic
854 1426 946 1467 Par.
971 1433 1007 1467 1.
1027 1435 1066 1469 2.
1160 1433 1284 1485 flunt.
1325 1431 1392 1473 Sic
1413 1432 1502 1473 Pal·-
1527 1440 1567 1476 2.

116 1506 203 1534 sunt
224 1495 315 1535 Par.
338 1500 376 1534 1.
981 1545 985 1548 ²
1320 1549 1322 1552 .

234 1563 270 1614 ξ.
302 1567 370 1603 78.
430 1564 537 1619 quia.
577 1561 644 1602 Sic
672 1562 763 1603 Par.
784 1569 822 1603 2.
911 1578 1004 1601 casu
1033 1564 1171 1605 simile.
1211 1565 1300 1607 Par.
1329 1572 1367 1607 1.
1389 1574 1429 1608 2.
1456 1585 1571 1608 casus

119 1630 276 1670 similis.
361 1630 576 1684 respondet.
619 1629 686 1669 Sic
714 1631 804 1670 Par.
829 1636 868 1670 2.
931 1617 1157 1684 responden}
1177 1633 1266 1674 Par.
1293 1641 1331 1675 1.
1415 1640 1570 1691 primis.

121 1697 189 1738 Sic
210 1697 302 1737 Par.
331 1702 368 1737 1.
391 1703 430 1737 2.
515 1708 654 1751 potest.
694 1697 783 1737 Par.
807 1703 844 1736 1.
867 1704 905 1737 2.
924 1709 1118 1751 poterunt.

235 1765 269 1816 §.
301 1769 370 1805 79.
431 1763 546 1805 solat.
569 1766 680 1804 inter.
712 1765 778 1806 Sic
798 1764 886 1805 Par.
913 1771 949 1806 1.
970 1771 1010 1805 2.
1032 1775 1071 1806 et
1091 1765 1219 1807 Amb.
1245 1773 1282 1808 1.
1373 1769 1574 1830 Ejusfire

124 1830 191 1872 Sic
215 1831 306 1872 Par.
332 1837 369 1872 1.
391 1838 431 1873 2.

235 1903 272 1952 §.
304 1904 372 1940 So.
428 1899 612 1940 Accedit.
663 1899 754 1940 Par.
782 1905 820 1941 1.
846 1906 885 1941 2.
916 1900 1096 1943 Accidit.
1194 1906 1233 1943 in
1260 1917 1378 1946 matr.
1418 1906 1509 1950 Par.
1531 1915 1568 1951 1.

104 1973 164 2012 ,2.
188 1983 269 2007 om.
296 1970 350 2007 in.

239 2038 275 2087 §.
307 2040 376 2075 81.
436 2046 492 2086 ct,
523 2037 569 2076 si.
607 2035 698 2076 Par.
725 2041 762 2076 1.
795 2043 834 2078 2.
859 2039 979 2078 inser.
996 2040 1068 2093 fit.

238 2105 272 2155 §.
306 2108 372 2144 83.
432 2106 566 2156 igilur.
605 2103 672 2143 Sic
693 2103 784 2145 Par.
807 2111 846 2145 2.

239 2172 276 2223 §.
308 2173 374 2212 84.
432 2173 586 2226 primis,
629 2170 698 2212 Sic
731 2171 823 2213 Par.
853 2178 891 2214 1.
1010 2190 1104 2223 nos,
1152 2176 1268 2230 quod.
1313 2176 1380 2218 Sic
1410 2177 1501 2220 Par.
1531 2187 1571 2221 2.

127 2256 266 2293 nosque
282 2237 313 2279 P
318 2255 373 2278 ar,
400 2244 438 2278 1.
761 2254 766 2258 ⁴

242 2307 277 2356 §.
311 2311 377 2346 86.
441 2305 555 2358 Quod
577 2330 634 2338 —
664 2305 846 2346 cluditur.
895 2306 987 2349 Par.
1010 2314 1050 2349 2.
1073 2325 1153 2350 om.
1186 2310 1313 2363 Quod.
1366 2313 1456 2354 Par.
1481 2321 1520 2356 1.
1540 2327 1576 2354 et

128 2374 260 2414 codem
284 2374 524 2415 excluditur.
620 2372 782 2414 Roscio.
822 2374 910 2416 Par.
936 2382 974 2416 2.
1008 2376 1204 2418 Ser-oscio.
1252 2378 1342 2420 I‘ar.
1371 2386 1408 2421 1.
1430 2382 1574 2424 Sexto.

212 2445 278 2497 qui
295 2459 350 2481 sc.
372 2444 552 2482 iniro'c'at.
581 2440 649 2482 Sic
668 2441 758 2482 Par.
778 2448 816 2483 2.
877 2461 912 2498 q.
936 2447 977 2482 in
994 2461 1110 2485 scena,
1129 2458 1320 2500 spectetur
1337 2448 1425 2489 Par.
1448 2456 1487 2490 2.

129 2512 195 2551 sit.
235 2509 302 2549 Sic
325 2508 412 2550 Par.
433 2515 472 2550 2.
533 2507 607 2562 [In
639 2513 823 2563 exemplo
850 2510 1112 2552 Ciceroniano
1144 2515 1193 2553 de
1221 2513 1366 2556 Roscio
1404 2520 1574 2559 altenun

128 2580 182 2617 sit
212 2578 322 2616 haud
351 2578 470 2616 dubie
498 2578 735 2617 mendosum
758 2588 816 2618 est
835 2582 1167 2636 scribendumque
1187 2593 1255 2622 est.
1314 2581 1360 2621 In
1386 2583 1511 2627 Amb.
1536 2593 1574 2628 1.

131 2649 253 2687 verba
271 2648 375 2685 inter
393 2654 607 2701 utrumque
627 2657 669 2686 ut
687 2648 960 2700 interjacentia
978 2652 1237 2701 omittuntur,
1267 2652 1337 2690 sed
1354 2667 1426 2705 pro
1443 2656 1575 2707 priore

129 2716 181 2754 sit
199 2714 322 2755 habet
341 2716 438 2755 item
462 2714 553 2767 esu]
