1775 3091
179 257 262 295 250
615 248 886 304 Supplementa
913 252 1173 291 annotationis

178 365 234 406 id.
349 363 438 406 ideo
463 362 575 404 illud.
631 359 754 402 Amb.
776 366 814 401 1.
844 360 944 401 idem
968 362 1031 402 illi
1059 374 1113 404 ut.
1172 363 1308 406 Turio.
1339 364 1477 419 Camp.
1508 365 1607 406 idem

176 432 290 475 illud.

286 501 325 554 ξ,
355 505 394 541 3.
450 497 584 537 Hunc.
643 493 779 535 EtIam
801 495 914 538 Flor.
940 498 1046 539 hinc.
1160 500 1254 554 quia
1281 516 1362 540 nec.
1420 497 1546 540 Amb.
1568 504 1608 540 1.

173 568 286 610 Flor.
313 581 469 623 quoque
497 565 686 604 omittunt
713 580 790 605 nec.
874 564 1081 608 distinctis.
1139 564 1274 608 Guelf.
1304 567 1520 607 distinctus.

175 648 346 677 oratore.
410 633 522 673 Flor.
560 634 747 673 oratione.
873 632 1129 674 desideratur.
1185 633 1303 675 Jens.‘
1340 634 1463 676 Tarv.
1505 633 1606 675 Ald.

175 703 383 744 desiderat.

289 772 327 822 §.
357 771 398 810 4.
459 767 588 809 Celsus
619 791 677 799 —
695 766 862 821 judicat.
917 766 1044 809 Amb.
1074 774 1114 810 2.
1134 767 1234 825 far.
1262 773 1302 810 5.
1331 785 1491 826 quoque
1524 767 1571 808 V
1567 787 1608 809 e-

174 841 259 881 rius
284 863 340 870 -
363 835 512 891 judico.
567 835 676 875 Flor.
712 850 783 888 pro
825 833 956 875 Celsus
993 838 1038 874 in
1075 850 1199 890 marg.
1231 840 1278 876 ab
1309 839 1448 876 eadem
1475 847 1614 877 vetere—

171 922 299 949 manu.
346 903 506 944 Verius.
583 901 695 945 Sich.
738 901 786 941 V
781 905 921 943 errius.
1051 919 1145 944 rem.
1214 902 1421 945 Omittunt
1469 903 1606 945 Guelf-

169 974 296 1017 Amb.
325 979 366 1014 2.

281 1044 318 1096 §.
349 1046 389 1082 5.
447 1038 678 1078 destinatam
713 1062 769 1069 —-
804 1037 1027 1077 inchoaiam
1063 1060 1124 1068 -
1151 1037 1368 1095 perfectam
1403 1038 1607 1093 probatio-

169 1128 269 1152 nem.
326 1109 395 1150 Sio
425 1110 544 1148 etiam
573 1106 682 1146 haud
712 1107 832 1145 dubie
859 1103 987 1145 Amb.
1019 1109 1059 1146 1.
1115 1104 1310 1146 destinata
1338 1129 1395 1137 ——
1422 1106 1606 1145 inchoata

169 1204 230 1212 —
250 1177 427 1235 perfecta
455 1177 584 1216 oratio
612 1176 732 1213 etiam
759 1172 884 1212 Aan.
903 1179 944 1214 2.
1003 1176 1215 1212 orationem
1243 1189 1313 1227 pro
1338 1173 1607 1227 probationem

168 1246 278 1288 Flor.
389 1255 425 1283 et
455 1242 631 1282 ultimam
658 1243 835 1296 speciem.
890 1239 1016 1280 Amb.
1044 1247 1085 1280 2.
1115 1254 1276 1296 quoque
1304 1240 1441 1280 ultima
1468 1242 1603 1295 specie.

250 1315 382 1369 posita
410 1322 477 1351 ess.
535 1307 657 1350 Amb.
692 1314 729 1349 1.
763 1307 900 1348 Turio.
929 1307 1037 1347 Flor.
1066 1324 1096 1346 e.
1123 1325 1164 1362 p.
1232 1306 1358 1348 Amb.
1387 1314 1428 1348 2.
1458 1310 1606 1347 omittit>

168 1391 227 1421 est
254 1391 293 1421 et
318 1383 531 1434 insequens
560 1393 650 1431 qua.
764 1375 1062 1428 comprehensio,
1121 1374 1256 1414 Etiam
1280 1372 1402 1425 Amb.
1425 1380 1463 1415 2.
1496 1391 1605 1414 com-

165 1451 330 1505 pressio,
443 1447 653 1484 minimum.
711 1440 835 1482 Amb.
869 1447 907 1482 1.
940 1456 1099 1496 quoque
1126 1444 1293 1482 minime.
1346 1441 1453 1482 Flor.
1485 1443 1603 1481 mini-

165 1533 227 1558 me
254 1518 307 1556 in.
365 1512 490 1554 Amb.
514 1516 554 1551 2.
582 1510 672 1550 Par.
697 1513 734 1548 1.
752 1515 792 1549 2.
820 1513 859 1549 3.
890 1512 1092 1548 omittunt.

281 1586 316 1638 ξ.
357 1587 394 1622 6.
463 1578 720 1634 appellarunt.
791 1575 912 1617 Goth.
958 1574 1097 1628 Camp.
1143 1573 1253 1615 Jens.
1305 1584 1343 1615 et
1380 1575 1470 1615 edd.
1509 1584 1602 1615 ante

166 1652 297 1694 Stoer.
346 1647 645 1704 appellaverunt.
768 1645 1114 1683 ratiocinationem.
1179 1641 1304 1682 Amb.
1344 1648 1380 1683 1.
1412 1649 1452 1685 2.
1491 1643 1599 1683 Flor.

164 1721 260 1762 I‘ar.
293 1724 329 1759 1.
361 1721 399 1758 5.
432 1714 759 1753 ratiocinativum.
868 1709 1040 1749 duxisse.
1096 1709 1234 1750 Turio.
1266 1726 1288 1750 a
1311 1726 1371 1763 pr.
1401 1726 1456 1751 m.
1486 1709 1598 1751 Alm.

164 1788 283 1830 Voss.
310 1790 348 1826 3.
387 1783 552 1822 dixisse.
665 1797 692 1819 a
726 1777 869 1833 syllog.
927 1775 1067 1829 Camp.
1106 1792 1160 1815 ex
1200 1776 1324 1831 sylog.
1432 1778 1598 1818 videtur.

166 1855 302 1898 Guelf.
332 1851 538 1891 videretur.
651 1857 803 1886 statum.
861 1843 984 1884 Amb.
1007 1849 1044 1884 1.
1075 1847 1223 1884 statim.
1318 1843 1600 1900 syllogisticum

164 1948 222 1958 .-
250 1932 285 1961 et
315 1919 558 1974 epichirema.
615 1913 683 1954 Sic
710 1912 835 1953 Aan.
856 1917 917 1962 1.‚
949 1914 1085 1951 ceteris
1104 1914 1268 1952 omissis.
1385 1915 1599 1953 ratiocina-

163 1995 300 2032 tivum.
374 1984 496 2027 Goth.
544 1982 682 2035 Camp.
732 1982 1020 2020 rationaiivum.
1155 1979 1428 2034 exemplisque.
1490 1979 1600 2022 Flor.

164 2057 291 2100 Amb.
313 2061 352 2096 2.
384 2056 504 2093 etiam
533 2053 718 2104 copulam
751 2051 952 2087 omittunt.
1013 2045 1166 2100 [Quod
1194 2046 1401 2100 Spalding.
1431 2050 1474 2087 in
1503 2057 1599 2088 nota

167 2132 324 2177 exeget.
355 2123 506 2161 nescire
536 2135 577 2159 se
608 2119 730 2165 dixit,
781 2117 866 2169 qujs
897 2114 1128 2168 epichirema
1161 2117 1368 2167 appellarit
1397 2118 1597 2167 rationem,

163 2197 248 2249 ipse
283 2189 328 2230 V
326 2188 491 2230 isellium
517 2189 633 2225 illum
661 2186 779 2223 fuisse
807 2184 1006 2221 intellexit
1035 2182 1084 2220 ad
1112 2179 1194 2232 IX,
1225 2189 1264 2234 2,
1302 2181 1428 2233 107.]

275 2261 311 2313 ξ.
343 2262 384 2299 7.
436 2252 656 2301 Ἀπόδειξις
693 2261 759 2290 est.
817 2248 944 2290 Amb.
976 2254 1013 2288 1.
1059 2250 1262 2296 αποδιξις,
1311 2264 1402 2288 cum
1441 2248 1595 2304 Camp.,

163 2344 269 2386 quae
298 2336 352 2365 est
379 2332 520 2364 servat.
567 2319 691 2360 Amb.
710 2324 749 2359 2.
779 2315 944 2365 ἄποδειξ
971 2315 1014 2355 id
1042 2326 1108 2355 cst.
1155 2314 1289 2356 Guelf.
1318 2317 1500 2365 επιδειξις
1528 2329 1596 2358 est.

248 2390 469 2450 γραμμικαὶ
515 2387 745 2435 ἀποδείξεις.
817 2384 921 2424 Flor.
949 2383 1070 2424 Amb.
1101 2389 1141 2423 2.
1171 2398 1444 2437 γραμματικᾳι
1482 2401 1552 2426 απ.

163 2462 291 2505 Amb.
324 2466 361 2502 1.
389 2471 661 2514 πραγματικαι
691 2451 880 2500 ἆποόιξις.
965 2451 1158 2491 dicuntur.
1217 2449 1339 2492 Amb.
1373 2457 1410 2492 1.
1447 2452 1594 2500 dicunt,

163 2530 304 2583 Camp.
335 2528 492 2568 dicitur.
587 2521 722 2562 Hanc.
777 2518 901 2559 Amb.
927 2523 964 2559 1.
995 2517 1101 2558 Flor.
1136 2517 1272 2572 Camp.
1300 2519 1409 2559 haec.
1497 2519 1596 2560 Cae-

165 2596 232 2638 είΖ,
261 2607 342 2651 put.
375 2593 464 2649 diff
522 2594 588 2631 Sic
618 2592 738 2629 etiam
773 2585 894 2627 Amb.
923 2590 959 2626 1.
983 2591 1022 2626 2.
1054 2585 1157 2626 Flor.
1269 2585 1537 2626 conclusionis.

167 2662 301 2704 Guelf.
331 2660 622 2701 conclusionem.
677 2655 804 2696 Amb.
830 2659 871 2694 2.
901 2652 1018 2693 VOSS.
1041 2658 1078 2693 1.
1100 2659 1137 2693 3.
1170 2654 1423 2694 conclusione.
1515 2669 1593 2708 qua

167 2730 258 2772 dix.
318 2727 451 2770 Guelf.
484 2743 601 2781 quam
630 2724 721 2766 dix.
831 2719 995 2775 enthym.
1036 2720 1176 2775 syllog.
1236 2717 1370 2761 Guelf.
1403 2723 1521 2762 inser:
1551 2737 1589 2761 α.
