1775 3091
217 241 270 280 ml
294 241 457 295 Quintil.
480 243 607 284 luem.
631 242 754 292 Vm,
777 248 814 283 6.
847 245 880 296 ξ.
904 247 1102 285 58-75,
1161 243 1242 293 IX,
1269 251 1304 285 1.
1332 251 1349 285 1
1365 251 1468 286 —8.
1528 250 1609 287 389

274 360 309 409 §.
341 358 410 397 74.
468 356 571 398 hinc.
628 355 750 398 Amb.
796 362 834 396 1.
882 355 955 401 Ῐιὶσ.
1070 356 1173 405 haecf
1204 373 1277 398 res.
1341 356 1410 399 Sic
1448 359 1601 414 liquido

161 420 284 463 Amb.
309 428 347 463 1.
463 427 523 464 εἰη
553 423 680 465 aliter.
729 424 856 466 Amb.
882 430 920 466 1.
951 428 987 465 εἰ
1016 424 1146 466 aliter.

272 491 309 541 §.
340 496 408 532 75.
468 492 572 547 quod
600 509 638 533 a.
695 491 819 532 Amb.
850 498 888 533 1.
930 496 1036 548 quia.
1151 492 1215 533 val
1248 496 1343 535 min.
1403 492 1528 535 Amb.
1563 499 1599 535 1.

159 574 193 596 m
200 557 444 613 ἰηιιινιιῖἰφιελ

703 965 746 1010 L
782 979 801 1010 1
837 979 883 1010 B.
930 930 1046 1011 -IX.

266 1071 425 1115 Titulus
454 1076 497 1114 in
524 1072 645 1115 Amb.
669 1082 706 1116 1.
739 1075 805 1117 M.
830 1076 947 1117 Fabii
969 1075 1203 1129 Quintiliani
1226 1075 1485 1118 Ins—titutionis
1505 1093 1598 1118 ora-

150 1142 276 1180 toriae
297 1141 393 1181 liber
424 1141 539 1181 '7111
563 1143 676 1198 exfil.
702 1147 838 1199 incipit
867 1144 968 1184 liber
995 1143 1142 1185 VIIII.
1201 1145 1430 1201 Defiguris
1447 1156 1597 1184 sentcn-

150 1210 307 1249 iiarum.
367 1210 430 1249 De
446 1212 598 1266 figuris
626 1212 843 1253 verborum.
903 1213 966 1252 De
994 1214 1284 1268 compositione.

739 1334 901 1377 CAr.
969 1334 1003 1376 I.

259 1410 341 1453 Ti't.
376 1415 417 1451 in
444 1411 566 1468 Agnb.
601 1418 641 1454 1.
676 1412 842 1466 QVOD
878 1411 1228 1455 DIFFERANT
1259 1411 1525 1453 FIGVRAE
1552 1414 1596 1453 A

156 1477 383 1519 TROPIS.

258 1550 296 1600 §.
327 1552 365 1587 1.
424 1547 510 1588 has.
557 1544 679 1588 Amb.
709 1553 755 1588 1.
781 1564 827 1588 ea
852 1548 922 1588 sed
949 1563 1041 1589 cum
1068 1550 1232 1590 lineola.

256 1615 294 1666 §0
327 1620 367 1655 2.
420 1618 646 1670 figurarum
667 1618 788 1655 etiam
813 1613 942 1656 Amb.
966 1621 1005 1656 1.
1033 1614 1158 1656 Paris.
1178 1622 1219 1657 2.
1271 1618 1447 1669 figuram
1468 1616 1593 1656 Ajnb.

145 1686 186 1721 2.
234 1683 399 1735 figurae
425 1681 519 1723 Par.
551 1688 590 1723 1.
709 1681 753 1722 C.
781 1682 986 1722 Artorius.
1040 1681 1167 1722 Amb.
1202 1686 1240 1722 1.
1273 1681 1398 1722 Gaius.
1424 1685 1594 1723 aristar—

146 1747 264 1798 chus,
304 1749 373 1788 sed
404 1751 574 1787 alterum
606 1752 773 1788 verbum
800 1763 892 1788 cum
911 1751 1061 1788 lineola
1083 1749 1290 1790 subducta.

259 1816 296 1865 §.
329 1820 369 1855 3.
427 1831 523 1855 cam.
569 1813 691 1856 Amb.
713 1822 749 1856 1.
781 1832 840 1856 ca.
952 1815 1141 1870 generali.
1200 1815 1324 1857 Amb.
1351 1822 1388 1858 1.
1414 1823 1452 1857 2.
1476 1834 1592 1871 gene-

148 1880 300 1922 raliler.
325 1903 350 1913 x
412 1893 578 1923 arecia.
625 1882 751 1923 Amb.
775 1888 812 1923 1.
838 1883 885 1922 de
907 1895 1033 1935 recta,
1081 1883 1205 1924 Aan.
1230 1890 1270 1925 2.
1294 1883 1508 1926 aderecta.

148 1960 224 1988 rat.
270 1947 390 1990 Amb.
414 1955 452 1990 1.
474 1949 756 2001 translatione,
787 1951 892 1990 sed
881 1966 925 1990 m
945 1965 1070 2004 marg.
1092 1955 1215 1991 altera
1234 1966 1361 1991 manu
1381 1952 1444 1992 vel
1461 1954 1590 2006 signi-

133 2018 342 2071 ficatione.
457 2017 639 2057 dixerint
669 2021 768 2057 item
795 2017 919 2060 Aan.
943 2024 980 2059 1.
1015 2018 1139 2060 Paris.
1163 2025 1202 2060 6.

256 2109 292 2160 §.
324 2107 365 2147 4.
424 2105 546 2148 Amb.
570 2113 608 2148 1.
641 2110 743 2148 sicut
762 2107 896 2149 Turio.
914 2109 985 2148 sed
1004 2118 1206 2162 praeterea
1228 2100 1450 2152 translatiss.

147 2177 336 2214 orationis
368 2185 530 2216 remota.
588 2174 681 2216 Non
707 2179 895 2231 leg1mtur
923 2177 1024 2217 haec
1054 2179 1174 2217 verba
1204 2179 1248 2216 in
1275 2175 1400 2218 Amb.
1432 2182 1486 2230 1.‚
1514 2193 1590 2217 nec

143 2250 259 2281 antea
281 2252 349 2281 est.

257 2310 294 2360 §
327 2313 365 2350 5.
423 2309 561 2350 Verba
589 2328 752 2366 namque
778 2322 814 2350 et
832 2311 910 2353 reb.
937 2313 986 2367 fit
1007 2322 1041 2351 et
1062 2312 1188 2351 verbis
1214 2313 1343 2364 Ονομ.
1374 2314 1518 2353 absunt
1537 2314 1586 2353 ab

141 2374 489 2417 Amb.1.1tem
513 2380 549 2417 si
580 2380 689 2418 abest
718 2381 766 2418 ab
792 2380 946 2419 eodem.

253 2448 292 2497 §.
325 2449 363 2485 6.
418 2461 514 2499 pars
529 2456 584 2484 est
604 2448 808 2487 iuvenitur
827 2444 1139 2488 etiaminAmb.
1156 2451 1193 2486 1.
1214 2447 1284 2487 sed
1305 2462 1399 2488 cum
1418 2450 1582 2488 lmeola.

141 2509 251 2551 Tum
272 2513 381 2551 idem
406 2523 540 2566 tropos
559 2512 607 2552 In
627 2513 851 2568 hyperbato.

252 2583 289 2632 §.
320 2584 361 2620 7.
421 2590 456 2618 et
484 2582 582 2621 scio.
635 2579 765 2621 Amb.
791 2587 828 2622 1.
852 2588 892 2623 2.
914 2582 1010 2622 baec
1033 2584 1128 2622 scio.

253 2651 289 2700 §.
321 2653 361 2688 8.
422 2647 609 2688 dicentur.
648 2647 772 2690 Amb.
797 2655 835 2690 1.
861 2649 1066 2701 dicantur,
1098 2649 1180 2697 sed,
1199 2657 1244 2690 ut
1258 2649 1430 2700 videtur,
1451 2663 1473 2688 a
1495 2664 1582 2690 cor-

141 2724 302 2755 rectore.
