1775 3091
427 218 480 258 αιῖ
510 217 671 272 Quintil.
702 218 831 258 Iussit.
866 216 920 268 V,
958 223 1022 264 13⁸.
1053 222 1271 272 §,2—13.
1481 231 1562 266 289

118 351 251 391 neque
289 335 399 376 enim
425 335 482 373 ibi
507 335 676 389 primum
709 334 976 373 masculinum
1011 334 1288 388 accipiendum
1318 344 1358 375 et
1385 351 1477 376 cum
1503 356 1562 379 me

116 403 454 456 conjungendum.
468 399 487 455 ]

229 472 265 523 §.
295 474 335 510 7.
394 468 528 521 Iegem.
579 464 670 507 Par.
696 470 736 507 1.
767 479 924 519 quoque
947 465 1061 519 leges.
1147 478 1235 507 sunt
1256 485 1319 524 qu.
1341 483 1442 512 sunt.
1492 473 1560 515 Sic

116 541 238 583 etiam
261 537 370 578 Flor.
401 535 527 576 Amb.
558 539 598 573 2.
627 531 718 573 Par.
742 537 780 572 3.
840 544 928 572 sunt
949 550 986 587 q.
1007 537 1085 573 sint
1114 538 1235 575 etiam
1265 535 1416 579 Cervic.
1448 539 1560 584 Sich.

115 604 247 646 Coliu.
361 619 497 643 causa.
546 599 682 642 Guelf.
712 616 822 639 ausa.
937 600 1151 642 Cedendum
1166 635 1177 654 ‚
1206 617 1259 642 ne
1280 608 1367 659 quis
1389 608 1558 662 dubitet,

113 671 240 713 Aan,
264 677 301 712 1,
323 682 363 713 et
381 678 420 713 2.
451 670 483 709 F
486 673 559 709 lor.
647 669 802 722 sifinit.
853 665 986 709 Guelf.
1007 668 1134 711 Amb.
1159 677 1199 712 2.
1225 675 1415 715 omittunt
1443 679 1489 717 si.

229 740 267 790 §.
299 744 338 781 8·
398 740 439 778 in
459 753 555 776 eum.
616 732 750 776 Guelf.
781 737 820 774 in
852 752 930 775 eos.
1045 738 1286 779 disset-emm.
1318 739 1411 796 ’,ξὶο
1441 746 1561 782 etiam

111 805 236 847 Amb.
261 812 298 848 1.
325 805 432 846 Flor.
454 820 475 843 a
496 820 556 858 pr.
580 817 635 843 m.
743 803 969 844 translatio.
1017 803 1145 846 Amb.
1171 812 1204 846 1.
1223 812 1264 847 2.
1283 805 1390 849 Flor.
1410 808 1500 861 Far.
1524 816 1561 852 1.

112 877 213 914 item
230 873 272 914 id
291 885 345 912 est
367 873 519 913 relatio.
622 870 763 925 Atqui.
815 868 932 910 Amb.
956 877 991 912 1.
1018 871 1126 916 Flor.
1159 873 1267 915 Jens.
1297 884 1335 915 et
1356 877 1446 918 edd.
1468 888 1561 919 ante

113 941 214 982 Ald.
247 953 372 996 atquc.
471 942 592 994 pejus.
642 937 774 978 Guelf.
799 941 925 993 prius.
1474 992 1477 994 η

229 1009 264 1061 §.
298 1014 336 1050 9.
396 1024 514 1063 neque
531 1031 587 1038 --
607 1023 724 1061 neque
743 1029 799 1036 -—-
821 1023 949 1060 neque.
997 1005 1121 1050 Goth.
1150 1008 1262 1052 Jens.
1292 1019 1332 1051 et
1358 1012 1448 1051 edd.
1472 1023 1563 1057 ante

117 1075 247 1117 Stoer.
276 1091 348 1116 nec
368 1100 426 1108 —-
444 1091 512 1114 nec
533 1097 587 1104 --
610 1091 691 1114 nec.
807 1084 908 1114 sunt.
966 1072 1092 1115 Amb.
1119 1079 1156 1116 1.
1186 1079 1276 1118 sint.
1387 1093 1563 1133 possunt.

115 1143 241 1184 Amb.
265 1149 301 1184 1.
325 1145 486 1198 possint.
599 1158 696 1196 quae
715 1157 801 1180 cum
823 1157 937 1182 anno.
987 1140 1122 1182 Turio.
1145 1143 1169 1182 a'
1185 1159 1246 1197 pr.
1269 1160 1324 1185 m.
1353 1161 1432 1186 om.
1465 1164 1563 1189 cum.

120 1210 229 1264 [Sed
255 1227 354 1250 anno
378 1219 540 1250 tuentur
561 1224 712 1258 omnes,
743 1224 818 1248 nec
839 1224 935 1263 opus
957 1217 1015 1247 est
1033 1213 1269 1252 mutatione.
1327 1211 1394 1253 Sic
1417 1212 1562 1265 Quint.

114 1276 186 1327 III,
201 1282 304 1330 6‚63
327 1294 425 1333 quae
454 1276 635 1315 multis
668 1279 817 1315 annis
847 1293 921 1315 non
945 1279 1144 1315 sensissem
1166 1278 1281 1318 modo
1298 1295 1429 1319 verum
1450 1285 1566 1322 etiam

111 1345 349 1400 probassem.
399 1343 495 1384 Sall.
519 1347 615 1384 bell.
639 1343 730 1396 Jug.
754 1345 806 1384 54
835 1343 1023 1383 DIelcllus
1046 1347 1085 1383 in
1107 1345 1243 1385 iisdem
1275 1350 1419 1387 castris
1445 1367 1564 1404 qua-

112 1412 292 1452 triduo
320 1412 534 1463 moratus]
623 1410 765 1462 Quare.
818 1409 950 1450 Guelf.
972 1413 1078 1464 quia.
1501 1406 1504 1411 ¹

228 1481 260 1533 ξ.
296 1485 360 1519 10.
428 1481 480 1517 sit
512 1477 670 1517 adduct.
725 1477 851 1519 Amb.
883 1483 920 1518 1.
949 1481 1068 1519 inser.
1103 1489 1153 1519 et.
1270 1491 1432 1522 tamum.
1495 1481 1565 1524 Sic

115 1550 238 1589 etiam
265 1544 390 1587 Amb.
415 1550 452 1585 1.
485 1551 524 1585 2.
556 1543 647 1585 Par.
670 1550 709 1584 1.
729 1551 769 1585 2.
794 1550 833 1585 3.
931 1548 1189 1597 conjunctum.
1233 1546 1342 1588 Flor.
1374 1548 1499 1590 Amb.
1522 1557 1564 1592 2.

115 1614 254 1668 Cmnp.
278 1615 507 1653 convicium.
556 1611 677 1652 Beru.
700 1615 920 1668 confictum.
1033 1613 1183 1654 malim.
1236 1612 1371 1656 Guelf.
1402 1617 1562 1659 malum.

200 1681 350 1737 quidem
383 1680 523 1720 dicere.
571 1678 699 1720 Aan.
738 1685 775 1719 1.
809 1677 950 1734 quide&
979 1680 1108 1719 dicere
1145 1681 1204 1732 (d
1230 1698 1421 1735 superscr.
1454 1694 1511 1724 est
1540 1701 1564 1725 a

114 1766 191 1790 sec.
213 1746 301 1804 m.)
400 1746 516 1787 nihil.
567 1745 707 1800 Camp.
733 1749 821 1786 nisi.
929 1746 984 1786 id.
1034 1746 1162 1787 Aan.
1195 1753 1232 1787 1.
1258 1753 1418 1789 omittit.
1523 1754 1565 1791 in

117 1818 192 1857 his.
243 1814 364 1856 Goth.
383 1815 507 1853 Amb.
528 1819 564 1853 2.
596 1815 637 1852 in
656 1816 717 1854 iis.
814 1830 907 1853 esse.
957 1811 1092 1854 Guelf.
1123 1812 1250 1854 Amb.
1284 1821 1325 1856 2.
1355 1820 1564 1861 omittunt.

117 1900 186 1924 nec
207 1900 296 1922 csse.
344 1880 482 1934 Camp.
505 1898 623 1936 neque
640 1897 731 1921 esse.
841 1881 950 1921 dicit.
1003 1879 1130 1921 Amb.
1155 1886 1192 1922 1.
1214 1881 1335 1923 dicat.

232 1951 268 2001 §.
303 1954 368 1989 11.
428 1951 544 1987 etiam
564 1947 690 1987 simul.
742 1946 869 1988 Amb.
903 1953 938 1988 1.
969 1963 992 1987 a
1011 1964 1089 1988 sec.
1109 1963 1164 1989 m.
1196 1951 1315 1990 inser.
1337 1953 1386 1992 si.
1471 1956 1562 1995 sint.

117 2018 255 2060 Tul-ic.
288 2016 427 2069 Camp.
458 2026 558 2057 sunt,
662 2014 895 2055 amolienda.
947 2013 1081 2055 Guelf.
1108 2015 1317 2057 molienda.
1417 2023 1454 2060 si
1480 2033 1563 2064 aut.

118 2086 258 2139 Camp.
280 2087 315 2123 si
335 2094 475 2123 aulem.
578 2086 742 2139 possint.
794 2081 928 2123 Guelf.
956 2080 1079 2123 Goth.
1097 2095 1273 2137 possunt.
1330 2085 1440 2127 Jens.
1470 2093 1562 2131 sint,

116 2152 216 2194 Loc,
247 2151 355 2191 Ven.
388 2154 452 2190 sit.
573 2161 615 2189 ut
648 2150 796 2205 pedem.
857 2148 996 2202 Caan.
1034 2161 1102 2189 ant
1134 2167 1176 2204 p.
1301 2153 1559 2198 obnitendum.

121 2219 254 2261 Guelf.
286 2217 407 2259 Goth.
441 2217 550 2259 Jens.
593 2227 634 2258 et
671 2219 761 2258 edd.
800 2227 892 2257 ante
922 2216 1065 2257 Burm.
1097 2217 1325 2260 enitendum.
1441 2233 1478 2261 et
1505 2236 1561 2266 ut.

119 2286 255 2328 Turic-
287 2301 309 2327 ει
338 2301 396 2338 pr.
422 2301 478 2326 m.
511 2296 552 2324 ut
572 2296 622 2326 et.
710 2285 897 2325 dixerim.
943 2283 1078 2325 Guelf.
1107 2282 1229 2325 Goth.
1256 2286 1488 2330 dioeerimus.

235 2354 272 2404 §.
304 2358 368 2393 12.
422 2357 581 2408 poterit.
629 2351 756 2395 Amb.
784 2358 822 2392 1.
849 2355 1032 2406 poterint.
1143 2351 1274 2393 dicluc.
1327 2354 1467 2410 Camp.
1493 2357 1563 2397 de·-

121 2421 210 2462 duc.
323 2420 451 2461 modo.
500 2420 638 2461 Turio.
658 2422 796 2460 minus.
910 2419 1040 2459 Heres
1067 2435 1167 2460 eras,
1223 2418 1348 2462 Goth.
1377 2422 1487 2464 Jens.
1519 2434 1561 2465 et

121 2490 214 2531 edd.
243 2497 333 2528 ante
361 2486 471 2529 Gibs.
501 2489 682 2528 ordinem
708 2496 880 2528 mutant.
994 2491 1226 2528 testamenti.
1283 2487 1420 2530 Turio.
1448 2490 1559 2533 Flor.

118 2557 369 2597 testamentis.

234 2626 268 2677 §.
303 2628 368 2662 13.
432 2622 530 2675 Urg.
551 2624 656 2662 univ.
701 2621 809 2664 Flor.
832 2625 954 2663 etiam
977 2625 1095 2662 inser.
1123 2624 1304 2675 jungunt.
1357 2621 1485 2665 Amb.
1517 2631 1556 2667 1.

121 2693 284 2745 iungunt
302 2707 364 2731 un.
375 2718 388 2740 ,
429 2692 446 2730 z·
470 2699 527 2732 est
547 2704 571 2731 a
593 2705 670 2732 sec.
692 2704 746 2732 m.
832 2691 891 2733 At
911 2694 947 2732 si
967 2693 1067 2744 sing.
1118 2687 1226 2734 Flor.
1248 2693 1369 2731 etiam
1389 2702 1429 2732 ut
1450 2693 1502 2733 acl
1522 2710 1554 2736 s.

168 2771 268 2807 Tom.
293 2771 337 2807 V.
1066 2756 1104 2799 T
