1775 3091
437 243 491 286 acl
522 242 682 298 Quintil.
710 241 837 283 Instit.
866 241 946 292 ῙῙῙ,
978 246 1016 284 8.
1043 243 1078 296 §.
1109 246 1156 283 31
1174 246 1305 283 —39.
1512 247 1588 285 155

210 360 290 414 ejus
325 374 423 415 quae
463 356 601 401 Turio.
655 359 760 413 eique
784 374 882 412 quac
917 357 1024 397 Flor.
1056 371 1078 397 a
1107 371 1184 397 sec-
1217 370 1274 396 m.
1333 356 1370 398 εἰ
1395 357 1463 410 qui
1495 373 1592 410 quae

143 426 267 469 Amb.
290 432 326 468 1.
358 442 380 467 a
399 443 476 467 sec.
499 442 555 467 ln.
615 428 694 480 ejus
714 427 769 464 rei
790 441 888 479 quae
919 424 1059 479 Camp.
1154 423 1360 464 secundum
1382 440 1450 464 nos
1469 427 1533 463 sit.

141 507 323 536 secuntur
351 512 388 535 η.
419 512 451 535 s.
483 493 609 534 Amb.
626 499 663 534 1.
693 492 818 545 Flor.‚
847 502 1014 548 uterque
1039 509 1059 533 a
1080 509 1158 534 sec.
1184 507 1265 545 m.3
1297 492 1363 531 hic
1387 501 1591 546 praeterea

144 564 213 603 dat
242 565 378 603 noscit.
441 561 581 616 Camp.
612 570 701 615 post
735 561 834 601 haec
872 564 1036 602 inserit:
1085 571 1151 600 aut
1184 562 1262 615 ejus
1291 576 1389 615 quae
1424 559 1593 615 undique

143 642 284 672 contra
323 647 391 671 nos
425 633 488 670 sit.
605 628 671 668 Ita
692 627 799 686 jere.
860 627 1025 686 Itemf.
1073 629 1181 669 Jeus.
1222 638 1260 668 et
1296 637 1461 682 posterr.
1500 638 1592 668 ante.

143 698 282 750 Sich.,
323 708 489 751 excepto
528 697 654 739 Aldo.
779 699 948 736 secuturi
989 699 1121 737 simus.
1189 713 1265 737 sec.
1298 714 1426 736 sumus
1468 695 1594 738 Gotlu

144 764 282 807 Guelf.
314 765 451 819 Camp.
482 765 592 806 Jens.
626 774 666 804 et
699 774 863 818 posterr.
899 774 989 804 ante
1027 764 1128 804 Bad.
1240 781 1312 819 per
1340 765 1595 820 quid—per

144 833 260 889 quod.
383 844 545 889 propter
584 850 622 887 q.
653 855 709 864 --
736 843 898 887 propter
940 849 978 886 q.
1022 836 1143 872 etlam
1171 831 1264 874 Par.
1287 837 1326 873 1.
1357 832 1471 874 Sich.

144 903 359 941 aestimari.
420 905 541 940 exist.
574 900 714 954 Camp.
826 902 991 955 petimus
1013 924 1068 930 ——
1090 903 1270 955 petimus.
1338 901 1411 941 His
1443 904 1595 942 omissis

144 967 283 1008 Turio.
319 984 341 1008 a
373 984 449 1008 sec.
479 984 535 1008 m.
578 968 677 1008 haec
714 968 803 1019 dat,
844 977 890 1007 ut
928 984 1062 1007 sensus
1101 978 1240 1009 exeat:
1296 968 1387 1024 plus
1425 971 1451 1008 i.
1482 987 1513 1010 e.
1553 987 1595 1025 q.

142 1039 308 1091 petimus
345 1034 579 1076 incommodi
618 1053 696 1075 csse
726 1052 842 1090 quam
881 1036 1078 1075 utilitatis.
1156 1033 1295 1089 Camp.
1334 1051 1417 1076 non
1451 1041 1598 1079 omittit·

145 1107 222 1144 ista
253 1107 409 1154 omnia,
439 1105 509 1143 sed
538 1106 692 1156 pergit:
737 1103 827 1156 plus
855 1105 880 1141 i.
914 1118 956 1141 eo
977 1126 1034 1133 —-
1055 1103 1247 1142 commodi
1272 1106 1323 1142 sit
1352 1114 1387 1141 et
1415 1105 1596 1144 utilitatis

147 1189 199 1211 an
231 1174 271 1210 in
305 1188 345 1210 eo
381 1189 421 1226 p.
452 1187 490 1225 q.
524 1188 566 1225 p.
602 1170 838 1210 incommodi
875 1179 910 1208 et
948 1171 988 1208 in
1027 1180 1167 1224 temp.‚
1211 1173 1354 1210 omisso
1386 1174 1500 1212 initio
1533 1189 1596 1213 se-

148 1242 306 1294 quentis
338 1239 373 1290 ᾧ.

261 1318 297 1369 ξ.
331 1321 396 1358 35.
457 1327 625 1372 tempore
666 1317 854 1370 quaestio.
924 1317 1041 1354 etiam
1078 1319 1215 1357 inserit
1254 1315 1388 1358 Guelf.
1504 1319 1598 1361 Non

150 1386 273 1437 nobis,
306 1402 381 1424 non
405 1396 542 1424 contra
568 1384 651 1424 hos,
711 1394 746 1422 et
769 1386 808 1422 in
838 1383 1076 1424 adversariis
1107 1388 1244 1426 inserit
1265 1389 1386 1426 etiam
1414 1385 1505 1428 Par.
1530 1396 1594 1443 5.;

147 1456 296 1494 lineam
329 1468 497 1493 vacuam
526 1454 717 1506 relinquit
744 1450 873 1491 Amb.
894 1458 934 1493 2.
994 1470 1084 1492 nam
1113 1464 1251 1493 contra
1274 1454 1312 1494 li.
1345 1453 1484 1510 Camp.

149 1521 244 1561 Non
274 1524 314 1561 in
342 1533 502 1561 tantum.
563 1523 603 1559 in
633 1522 761 1559 omitt.
794 1518 930 1561 Guelf.
963 1519 1074 1562 Sich.
1192 1521 1272 1560 Secl
1297 1540 1401 1577 pers.
1462 1524 1543 1563 Sed
1562 1537 1598 1564 et

146 1607 251 1645 pers.
291 1589 427 1629 Turio.
462 1587 604 1642 Camp.
670 1587 714 1627 S.
745 1590 785 1626 in
817 1605 857 1642 p.
893 1586 1031 1629 Guelf.
1153 1589 1305 1630 decoris
1338 1595 1488 1645 gratia.
1557 1592 1596 1633 cl.

151 1673 269 1697 causa
299 1657 418 1697 Voss.
442 1663 481 1697 2.
512 1656 604 1697 I'ar.
628 1661 664 1696 1⁴.
697 1655 806 1696 Jens.
839 1666 876 1695 et
895 1666 1058 1710 posterr.
1084 1667 1176 1697 ante
1199 1658 1344 1710 Stoer„
1377 1675 1464 1701 exc.
1495 1659 1595 1701 Ald.

262 1728 302 1764 in
336 1727 396 1764 iis.
456 1727 497 1763 in
529 1725 601 1764 his.
645 1723 770 1764 Amb.
804 1729 837 1764 1.
869 1722 1004 1764 Guelf.
1037 1723 1177 1778 Camp.
1210 1725 1322 1766 Sich.

263 1804 300 1856 ξ.
336 1808 402 1843 36.
459 1805 625 1857 possint.
684 1801 751 1842 Sic
784 1801 892 1840 Flor.
930 1800 1055 1841 Amb.
1081 1808 1116 1845 1.
1145 1809 1186 1842 2.
1220 1802 1312 1843 Par.
1343 1807 1381 1845 5.
1437 1819 1601 1860 possunt

152 1872 296 1913 Par.1.
318 1871 464 1911 2.3.4.
498 1869 637 1924 Camp.
741 1869 1060 1909 consentiendum.
1122 1871 1426 1911 constituendum
1457 1872 1599 1929 Camp,

270 1962 305 2012 ξ.
340 1965 407 2000 37.
464 1959 568 2015 plur.
603 1971 669 1999 aut
697 1962 798 2013 sing.
857 1976 889 1998 s.
921 1976 957 1998 α.
985 1959 1043 2013 pl.
1086 1958 1224 2014 Camp.
1341 1964 1381 2001 in
1414 1966 1599 2019 utrisque.

211 2032 251 2068 in
281 2031 534 2082 uiresquoque
562 2027 685 2066 Amb.
719 2033 754 2067 1.
868 2027 1109 2067 suadeamus.
1170 2028 1372 2068 suademus
1408 2029 1532 2072 Aan.
1564 2040 1600 2075 1,

153 2096 274 2137 Tarv.
320 2095 447 2136 Stoer.
491 2094 659 2136 Chone-t.
790 2094 984 2135 deliberet.
1053 2092 1113 2134 Ita
1142 2095 1233 2137 Par.
1266 2102 1306 2137 2.
1377 2098 1598 2143 deliberent,

154 2169 276 2205 etiam
304 2164 411 2203 Flor.
441 2162 563 2202 Amb.
596 2169 629 2204 1.
649 2169 688 2204 2.
716 2163 805 2204 Par.
833 2169 869 2204 1.
899 2169 936 2203 3.
969 2163 1010 2203 4.
1047 2161 1186 2216 Camp.

269 2246 304 2296 ᾧ.
335 2249 400 2283 38.
458 2242 653 2283 intuenda.
705 2242 906 2281 intuendus
937 2240 1071 2282 Guelf.
1171 2242 1251 2282 Sed
1269 2261 1407 2286 mores.
1469 2259 1504 2286 et
1531 2251 1600 2287 in-

157 2315 251 2352 serit
280 2311 380 2352 Obr.
423 2325 515 2350 cum
546 2309 683 2350 Turio.
717 2326 740 2349 a
775 2327 852 2350 sec.
882 2326 963 2362 m.‚
1001 2326 1083 2350 non
1120 2313 1254 2352 acced.
1292 2310 1414 2354 Amb.
1449 2320 1486 2355 1.

161 2380 355 2418 diversam
382 2382 500 2417 vitae.
561 2378 735 2417 diversae
757 2394 794 2418 υ.
827 2377 961 2418 Guelf.
1072 2378 1282 2418 cavendum
1313 2391 1379 2420 est.
1431 2382 1496 2423 Et.
1545 2396 1602 2423 cst

162 2451 290 2487 omitt.
327 2445 433 2485 Flor.
478 2445 640 2498 (Turio.
670 2445 834 2501 siletur)
874 2444 986 2488 Alm.
1023 2445 1146 2486 Amb.
1176 2453 1216 2487 2.
1248 2446 1396 2502 (Amb.
1431 2455 1468 2490 1.
1508 2450 1600 2508 sil.)

162 2513 297 2555 Guelf.
327 2513 446 2553 Voss.
473 2519 509 2553 1.
544 2512 684 2567 Camp.

276 2595 311 2642 §.
343 2597 408 2632 39.
468 2602 647 2630 secutura
674 2614 728 2621 ——-
756 2592 935 2632 utilitate.
995 2591 1061 2631 Sic
1094 2591 1184 2632 Par.
1217 2598 1255 2632 1.
1288 2597 1325 2633 3.
1349 2595 1388 2635 4.
1449 2609 1600 2637 secutu-

164 2678 320 2700 ram—
342 2657 546 2697 utilitatem
575 2659 664 2699 Par.
699 2661 738 2700 2.
796 2660 993 2701 Posterius
1020 2669 1177 2700 tantum
1207 2663 1368 2701 affertur
1403 2680 1423 2702 e
1462 2664 1597 2706 Turio.

164 2728 269 2769 Flos.
330 2738 579 2767 consecutura
617 2726 754 2782 Camp.
872 2729 1083 2783 aliquanto.
1153 2728 1362 2784 aliquando
1401 2731 1537 2774 Turio.
1579 2749 1599 2773 a
