1775 3091
202 250 285 289 252
629 241 900 297 Supplemenia
945 240 1205 279 annotationis

203 359 390 412 sepe-ravi.
503 353 658 410 aliquid
699 369 782 407 per.
840 350 908 392 Sic
948 353 1068 390 etiam
1105 350 1195 389 Par.
1228 354 1266 388 1.
1297 355 1336 389 2.
1457 359 1492 387 et
1521 365 1630 402 quae.

202 425 310 466 Flor.
340 437 374 464 et
404 440 530 479 quam.
590 420 723 460 Guelf.
753 419 861 460 Jens.
901 427 940 458 et
970 419 1060 458 edd.
1092 427 1182 457 ante
1210 415 1314 456 Bad.
1344 417 1465 454 etiam
1494 431 1603 469 quae.

317 506 353 556 ξ.
387 509 451 543 12.
510 516 584 554 quo
610 499 722 552 prob.
752 497 876 538 Amb.
902 502 938 537 1.
963 503 1002 537 2.
1032 495 1137 535 Flor.
1167 495 1256 535 Par.
1283 501 1321 534 1.
1342 501 1381 535 2.
1409 500 1447 534 3.
1478 509 1634 548 quoque

205 572 309 627 quod
335 588 397 625 pr.
512 566 614 622 quod
643 577 722 605 aut.
778 565 901 605 Amb.
923 571 961 606 2.
994 579 1072 603 om.
1106 562 1217 617 quod.
1323 564 1451 601 cerlis.
1508 560 1635 600 Amb.

205 646 246 681 2.
279 649 416 678 cerias.
528 634 699 673 videmus
738 633 927 672 audimus.
988 630 1111 671 Goth.
1141 629 1258 670 Voss.
1281 636 1320 670 2.
1348 629 1494 669 Vidov.
1525 627 1634 668 Jens.

206 716 246 746 et
276 706 364 744 edd.
397 711 489 742 aute
520 700 697 756 Gryph.,
738 716 824 740 exc.
856 699 968 739 Sich.
998 698 1162 738 vidimus
1185 697 1415 737 audivimus.
1529 712 1575 734 ca
1596 697 1637 734 in

205 790 313 829 quae.
370 770 496 814 Amb.
530 775 568 809 1.
605 775 645 810 2.
685 768 791 808 Flor.
824 770 1011 807 omittunt
1041 770 1095 805 in.
1207 779 1442 804 consensum.
1499 762 1637 803 Turio.

207 839 437 895 confbssum.
495 837 601 877 Flor.
632 852 655 876 a
685 852 744 890 pr.
774 850 831 875 m.
864 833 1093 890 confissum.
1217 832 1323 871 Deos
1351 847 1443 871 esse.
1502 828 1636 870 Guelf.

207 909 390 948 ordinem
415 915 557 945 mutat.
1377 909 1380 913 ’

322 987 359 1035 §.
394 990 458 1025 13.
519 983 676 1037 legibus.
734 979 858 1020 Aan.
880 985 917 1020 1.
949 979 1121 1032 legimus.
1218 976 1479 1032 persuasione.
1529 974 1638 1015 Jens.

208 1052 308 1094 Loc.
338 1052 447 1093 Ven.
475 1069 544 1106 ρον
572 1053 798 1089 suasionem.
911 1049 1062 1086 etiamsi
1089 1062 1176 1086 non.
1236 1043 1371 1085 Guelf.
1402 1046 1517 1082 etiam
1545 1045 1638 1082 sine.

211 1119 333 1161 Goth.
364 1120 481 1160 Voss.
500 1124 539 1158 3.
570 1119 641 1156 etsi
665 1134 751 1157 non.
864 1117 975 1155 inter.
1033 1114 1158 1154 Amb.
1180 1118 1217 1152 1.
1250 1115 1306 1152 in.
1421 1114 1639 1164 cuicunque.

209 1189 346 1230 Turio.
377 1191 604 1242 quicunque.
661 1184 785 1224 Amb.
813 1189 850 1223 1.
878 1181 985 1221 Flor.
1019 1197 1274 1237 quaecunque.

322 1270 357 1320 ᾧ.
392 1268 458 1307 14.
517 1262 826 1304 administranda
858 1286 913 1293 -—
945 1278 1040 1315 resp.
1073 1263 1135 1299 sit.
1205 1257 1322 1310 Quae
1352 1259 1460 1298 hisce
1488 1260 1644 1309 interji-

211 1338 371 1376 ciuntur
400 1338 542 1373 absunt
573 1346 730 1386 quoque
759 1333 806 1368 ab
836 1328 959 1368 Amb.
985 1333 1021 1368 1.
1045 1334 1083 1368 2.
1114 1326 1223 1366 Flor.
1262 1335 1264 1339 '
1324 1328 1415 1381 fiet.
1456 1325 1581 1366 Ajnb.
1606 1331 1644 1365 1.

202 1406 298 1459 fiat.
414 1401 579 1455 liquebit.
636 1398 741 1437 Flor.
775 1413 797 1435 a
825 1413 883 1449 pr.
916 1412 971 1436 m.
1005 1410 1164 1450 quoque
1195 1393 1341 1433 licebit.

327 1482 363 1533 §.
397 1483 461 1519 15.
521 1477 655 1515 Debet.
713 1475 798 1514 Par.
829 1480 866 1514 1.
901 1480 939 1514 2.
983 1472 1105 1512 Goth.
1142 1472 1250 1512 JenS.
1291 1474 1390 1511 Loc.
1430 1470 1536 1511 Ven.
1578 1471 1647 1510 de·-

216 1549 314 1589 bcni,
430 1556 465 1584 ct
502 1543 592 1599 quicl
633 1558 814 1597 quaeque.
874 1539 1012 1581 Turio.
1044 1540 1154 1580 Alm.
1186 1551 1219 1578 et
1250 1540 1341 1594 quicl
1372 1555 1477 1594 quae.
1534 1538 1645 1580 Flor.

216 1627 253 1655 et
293 1630 462 1669 quaeque
499 1610 601 1665 quid.
721 1609 952 1663 plerumque.
1006 1607 1228 1647 'omittunt
1264 1605 1385 1647 Amb.
1435 1612 1468 1645 1.
1511 1606 1647 1647 Turic-

215 1683 322 1724 Flor.
355 1698 377 1721 a
407 1697 466 1734 pr.
495 1694 549 1717 m.
580 1676 695 1716 Alm.
809 1677 967 1730 efficiat.
1027 1674 1162 1714 Turic.
1192 1675 1299 1715 Flor.
1331 1690 1352 1713 a
1371 1691 1428 1727 pr.
1449 1690 1503 1714 m.
1533 1672 1648 1714 Alm.

217 1751 352 1807 officii.
466 1747 555 1785 hinc
594 1748 704 1783 enim.
762 1742 885 1783 Amb.
917 1747 953 1780 1.
986 1748 1024 1782 2.
1065 1741 1171 1781 Flor.
1213 1741 1302 1782 Par.
1337 1747 1373 1781 1.
1404 1748 1442 1783 2.
1475 1748 1512 1782 3.
1554 1743 1653 1782 nihil

219 1821 329 1858 enim.
443 1811 589 1855 εἰκότα.
651 1811 772 1852 Goth.
806 1809 943 1862 Camp.
976 1812 1095 1849 icota.

333 1896 370 1946 §.
404 1897 469 1933 16.
542 1893 647 1945 quia.
717 1890 782 1930 Sic
824 1892 943 1927 etiam
989 1887 1113 1927 Amb.
1157 1891 1194 1927 1.
1236 1892 1275 1926 2.
1323 1885 1428 1926 Flor.
1481 1886 1570 1927 Par.
1611 1893 1648 1928 1.

221 1972 262 2007 2.
287 1969 325 2004 3.
441 1961 576 1999 amari.
634 1957 738 1996 Flor.
772 1972 870 2008 apr.
891 1970 946 1994 m.
976 1971 1119 1994 amare.
1235 1957 1459 1994 crastinum.
1516 1953 1652 1995 Guelf.

221 2041 404 2072 castrum.
516 2028 581 2081 qui
608 2025 720 2064 (lomi.
777 2023 901 2062 Amb.
925 2028 963 2062 2.
995 2021 1099 2076 quocl
1129 2023 1241 2060 omni.

335 2112 371 2161 ᾗ.
406 2110 470 2146 17.
530 2104 623 2158 qnid
653 2105 784 2157 cuique
815 2102 911 2140 hom.
967 2100 1056 2140 Par.
1088 2105 1125 2140 1.
1167 2100 1272 2154 quod
1300 2116 1333 2139 c.
1367 2099 1403 2139 Ῐι.
1517 2099 1653 2140 soleat.

222 2177 347 2220 Amb.
374 2180 411 2214 1.
446 2179 484 2214 2.
513 2171 619 2211 Flor.
650 2170 738 2210 Par.
763 2174 799 2208 1.
824 2174 863 2208 2.
885 2173 921 2207 3.
953 2183 1108 2222 quoque
1140 2168 1261 2219 solet5
1308 2169 1356 2206 de
1387 2166 1521 2207 Turio.
1549 2167 1655 2207 nihil

223 2252 470 2286 annotatum.
597 2238 691 2293 quid
729 2253 807 2290 seq.
865 2233 986 2275 Amb.
1020 2241 1055 2274 1.
1095 2238 1179 2288 quis
1215 2253 1247 2275 s.
1314 2234 1418 2274 Flor.
1457 2232 1581 2274 Amb.
1612 2240 1653 2275 2.

225 2313 337 2354 Sich.
372 2313 491 2349 etiam
521 2309 587 2361 qui
614 2323 645 2346 s,
758 2303 872 2343 modo
896 2320 968 2343 res.
1028 2300 1160 2342 Guelf.
1185 2319 1216 2341 r.
1233 2319 1285 2342 m.
1399 2317 1489 2356 app.
1518 2300 1654 2343 soleat.

226 2379 363 2421 Turio.
392 2377 496 2416 Flor.
528 2391 617 2428 app.
652 2372 784 2412 solent.

342 2447 379 2496 §.
406 2448 471 2483 18.
531 2441 731 2481 communi.
785 2435 909 2477 Amb.
931 2442 968 2478 1.
992 2453 1200 2477 commune.
1314 2445 1381 2475 aui
1405 2437 1547 2490 poiius.
1587 2435 1655 2476 Sic

230 2516 350 2554 etiam
378 2511 467 2551 Par.
491 2514 527 2549 1.
547 2515 585 2548 2.

341 2583 378 2632 ξ’.
414 2583 479 2618 19.
525 2578 671 2632 fluunt.
727 2570 851 2613 Amb.
883 2575 920 2610 1.
949 2576 987 2610 2.
1026 2570 1131 2610 Flor.
1163 2568 1252 2609 Par.
1287 2573 1324 2608 1.
1359 2575 1398 2610 2.
1426 2575 1465 2610 3.
1495 2584 1655 2623 quoque

220 2649 340 2703 fiunt.
439 2644 509 2685 An
539 2642 682 2683 credib.
738 2638 861 2680 Amb.
887 2642 924 2676 1.
956 2647 996 2675 at
1027 2636 1131 2676 cred.
1229 2635 1470 2676 adulterium.
1521 2634 1654 2676 Guelf.

231 2712 459 2753 adulterum.
574 2709 646 2749 illa
687 2723 842 2763 quoque.
898 2704 1004 2745 Flor.
1045 2707 1166 2744 etiam
1203 2720 1351 2758 quoque
1376 2703 1460 2743 illa.
1560 2701 1657 2760 sal-
