1775 3091
407 229 460 269 acl
491 228 653 283 Quintil.
685 228 812 268 Instii.
849 227 924 277 VI,
967 235 1004 269 3.
1045 228 1313 278 §.10—20.
1499 233 1580 271 329

144 343 353 395 rigendum
384 353 540 384 censet:
587 343 690 396 Quin
719 346 805 398 ipsa
827 343 900 384 illa
921 342 1051 392 dicta,
1094 358 1190 398 quae
1207 342 1415 382 sententiae
1437 357 1581 382 vocan-

142 421 223 457 tur,
276 427 371 465 quas
412 414 527 451 certis
561 436 618 443 —-
653 410 830 451 solemus.
905 408 993 465 Ipse
1030 420 1166 450 tamen
1202 408 1459 463 Spaldingius
1495 419 1583 463 post

141 478 293 516 editum
322 480 471 518 librum
500 478 613 518 (licta
645 490 731 517 sunt
760 489 794 516 et
823 489 1014 518 vocantur
1044 493 1185 519 verum
1213 481 1392 532 putavit,
1424 481 1582 518 conser-

143 548 256 599 rique
297 548 408 596 jussit
447 546 530 587 Cic.
560 550 604 586 in
632 545 750 586 Verr.
782 543 858 597 IV,
891 550 940 586 51
985 556 1086 588 extr.
1128 556 1167 587 et
1205 555 1342 587 contra
1380 544 1492 586 Rull.
1524 543 1580 597 II,

141 616 217 663 3ος
282 615 378 652 item
417 613 526 653 dicta
563 613 691 653 dicere
721 615 895 652 insolens
924 613 1071 654 habere
1102 604 1241 666 desiit,
1303 614 1528 654 admonitus
1560 628 1583 652 a

141 677 313 719 Censore
343 681 437 720 edit.
471 695 565 720 suae
588 683 632 719 in
651 679 764 733 Allg.
787 679 871 721 Lit.
894 679 1000 721 Zeit.
1023 683 1145 733 1804,
1174 685 1244 736 qui
1266 684 1445 722 locorum
1466 680 1584 721 Cice-

138 748 245 786 ronis
276 747 325 786 de
357 746 472 788 Orat.
503 754 543 800 2,
574 753 626 788 60
656 758 694 788 et
722 751 843 802 ipsius
876 747 1019 800 Quint.
1050 747 1127 800 VI,
1160 755 1200 800 3,
1233 754 1285 790 60
1320 764 1413 789 eum
1441 750 1584 788 admo-

139 816 241 855 nuit.
303 814 566 871 Omuiuoque
604 816 750 857 dictum
788 821 1030 858 vocabulum
1071 821 1279 871 proprium
1324 818 1372 857 de
1412 818 1584 857 dicteriis

140 883 222 920 sive
259 885 358 922 salse
398 884 510 923 dictis
550 894 627 935 est,
678 886 788 940 quod
827 895 990 939 apparet
1026 900 1080 924 ex
1116 888 1238 925 simili
1275 888 1364 924 loco
1407 882 1491 925 Cio.
1535 885 1584 923 de

142 947 257 989 Orat.
288 956 328 1001 2,
362 952 414 991 54
444 960 545 992 extr.
603 950 742 1008 Itaque
772 956 908 993 locum
942 955 997 993 sic
1027 955 1184 993 facilins
1216 953 1267 992 ad
1297 956 1474 1007 aliquam
1500 954 1586 991 veri

140 1018 445 1057 similitudmem
479 1022 686 1062 restitues:
742 1020 845 1071 Quin
876 1019 949 1060 illa
979 1023 1089 1075 ipsa,
1131 1037 1230 1075 quae
1258 1019 1284 1057 cl
1295 1022 1403 1059 icta
1431 1030 1519 1058 sunt
1551 1030 1587 1057 et

140 1095 343 1137 vocantur,
377 1103 475 1140 quae
490 1112 547 1119 --
566 1087 694 1128 dicere
711 1087 926 1128 solebamus
947 1087 985 1141 (i.
1008 1105 1043 1128 e.
1065 1089 1333 1128 adolescentes
1357 1085 1471 1140 olim)
1492 1085 1586 1139 cet.]

224 1154 272 1192 si.
332 1151 456 1195 Go'th.
486 1154 563 1194 secl.
673 1155 848 1210 paulum.
907 1153 1030 1196 Goth.
1059 1155 1177 1196 Voss.
1197 1162 1238 1197 2.
1272 1153 1413 1208 Camp.
1442 1153 1586 1209 paulu-

141 1217 232 1260 lum.
345 1232 536 1275 poterant.
586 1222 654 1264 Sic
682 1227 806 1263 etiam
834 1223 943 1263 Flor.
972 1223 1063 1264 Par.
1088 1229 1126 1264 1.

254 1288 293 1339 §.
325 1293 391 1330 17.
449 1300 577 1330 tamen
597 1294 645 1333 si.
696 1291 836 1344 Camp.
857 1308 889 1332 s.
910 1301 937 1331 i.
1037 1290 1333 1347 praesim-entem.
1380 1289 1448 1330 Sic
1466 1293 1587 1329 etlam

140 1353 267 1396 Aan.
308 1360 345 1397 1.
389 1356 498 1398 Flor.
545 1358 636 1400 Par.
679 1365 717 1400 1.
786 1358 897 1400 Sich.
931 1376 1029 1413 prae
1065 1376 1106 1398 se
1148 1358 1348 1414 ferentem.
1478 1374 1588 1397 sono.

141 1422 266 1463 Amb.
303 1429 341 1465 1.
383 1429 504 1465 etiam
543 1442 645 1467 soso.
762 1437 796 1466 et
824 1451 881 1458 —
911 1441 1084 1467 convers.
1142 1425 1281 1466 Turio.
1312 1440 1336 1466 a
1364 1440 1426 1479 pr.
1456 1440 1512 1465 m.
1545 1436 1588 1464 ut

140 1503 333 1545 sumptam
361 1503 398 1531 et
427 1509 536 1533 conv.

254 1560 291 1610 §.
316 1565 382 1601 18.
414 1563 641 1615 accipimus.
687 1559 796 1602 Flor.
827 1575 988 1616 quoque
1017 1562 1251 1615 accepimus,
1336 1570 1462 1615 oport.
1493 1576 1587 1601 esse.

138 1625 248 1668 Flor.
278 1630 401 1668 etiam
431 1645 511 1668 esse
539 1639 665 1683 oport.
784 1628 931 1668 salsum
951 1631 1013 1669 sit.
1069 1627 1197 1668 Amb.
1220 1633 1256 1667 1.
1286 1626 1396 1668 Flor.
1420 1645 1504 1668 sum
1522 1630 1586 1668 sit.

224 1711 301 1735 non
330 1698 436 1750 quia.
496 1695 632 1737 Guelf.
665 1694 804 1749 Camp.
833 1710 958 1748 marg.
979 1695 1130 1736 Vidov.
1161 1711 1251 1733 nam
1269 1697 1372 1749 quia.
1461 1694 1589 1734 Nulla

140 1786 196 1792 —
226 1763 335 1803 salis.
395 1762 463 1804 Sic
493 1766 616 1803 etiam
651 1762 778 1802 Amb.
813 1768 851 1803 1.
881 1762 990 1802 Flor.
1114 1777 1192 1801 non
1221 1761 1310 1801 hoc.
1368 1760 1436 1802 Sic
1468 1765 1589 1802 etiam

141 1828 266 1870 Amb.
294 1836 331 1872 1.
448 1829 549 1870 nihil
576 1833 626 1869 in.
689 1828 823 1870 Guelf.
854 1833 973 1870 inser.
1005 1840 1073 1869 est.

254 1899 289 1950 §.
323 1904 386 1941 19.
444 1901 526 1937 erit.
580 1897 649 1939 Sic
679 1897 802 1939 Goth.
831 1908 968 1939 contra
987 1896 1131 1948 Gesn.‚
1172 1893 1306 1937 Guelf.
1329 1906 1399 1936 est.
1485 1895 1589 1951 quod

143 1981 230 2005 non.
288 1965 395 2007 Flor.
429 1969 520 2021 quia
550 1983 588 2006 n.
686 1966 885 2007 insulsum.
943 1965 1081 2005 Turio.
1112 1979 1135 2003 a
1161 1978 1308 2017 pr.‘m.
1338 1962 1446 2004 Flor.
1474 1961 1587 2004 Ahn.

143 2032 345 2073 insalsum.
460 2036 666 2075 orationis.
715 2034 821 2074 Flor.
853 2050 875 2075 a
894 2051 954 2088 pr.
976 2049 1032 2073 m.
1059 2034 1222 2072 omittit.
1329 2030 1416 2084 jud.
1438 2056 1496 2062 —
1512 2047 1590 2071 ex-

144 2103 326 2155 citatque.
384 2100 492 2143 Flor.
520 2102 608 2156 juti.
639 2118 677 2142 υ.
702 2120 740 2158 p.
770 2103 856 2141 exit
886 2102 933 2156 (a
953 2117 1031 2142 sec.
1055 2116 1111 2140 m.
1136 2097 1277 2152 emat)
1310 2109 1438 2153 atque.
1495 2098 1589 2140 Par.

143 2174 182 2209 2.
216 2169 303 2222 jud.
345 2179 382 2208 et
417 2185 453 2211 υ.
488 2171 666 2226 palatum
705 2172 830 2211 excit.
867 2170 983 2225 quod.
1098 2168 1140 2206 hi
1169 2182 1329 2221 quoque.
1390 2165 1529 2220 Camp.
1558 2168 1591 2206 ii

144 2252 301 2291 quoque.
416 2241 535 2278 sitim.
593 2238 700 2279 Flor.
742 2241 819 2277 sint
857 2240 910 2279 in.
984 2236 1125 2289 [Nihil
1152 2237 1273 2287 igitur
1302 2234 1365 2273 his
1393 2236 1590 2274 librorum

143 2319 236 2344 mss.
264 2307 518 2346 varietatibus
548 2307 598 2346 ad
616 2307 909 2346 restituendum
926 2309 1061 2345 locum
1081 2305 1275 2357 proficiaS.
1332 2300 1472 2355 Neque
1491 2316 1590 2341 con-

143 2375 316 2423 jecturae
347 2373 561 2413 hominum
598 2375 806 2413 doctorum
841 2375 1102 2413 satisfaciunt.
1160 2370 1346 2410 Verbum
1371 2372 1415 2407 in
1442 2370 1590 2421 protasi

83 2434 89 2443 ⁹
144 2440 303 2479 videtur
333 2441 486 2489 deesse,
530 2443 585 2480 sic
614 2443 721 2481 fere:
772 2440 805 2480 S
815 2441 869 2480 ed
896 2452 937 2480 ut
966 2441 1054 2488 ille,
1102 2442 1145 2478 in
1167 2438 1264 2479 cibis
1292 2435 1413 2492 paulo
1444 2435 1589 2476 libcra-

147 2505 221 2545 lius
250 2507 481 2561 adspersus,
524 2518 694 2557 nocet,
733 2510 769 2547 si
797 2517 924 2547 tamen
955 2508 1056 2560 cet]

259 2576 293 2626 §.
318 2580 386 2615 20.
442 2573 653 2614 Horatius.
706 2573 829 2616 Goth.
853 2579 1013 2617 oratius.
1099 2574 1297 2615 carminis.
1337 2570 1442 2612 Flor.
1467 2572 1588 2610 etiam

148 2651 235 2681 cato
263 2644 402 2681 minus,
461 2639 582 2682 Amb.
617 2648 653 2682 1.
684 2645 906 2685 caiominis.
1021 2653 1056 2682 et
1086 2640 1282 2681 excultae.
1343 2637 1483 2692 Camp.
1503 2653 1584 2677 om.

149 2720 200 2748 et.
257 2707 395 2749 Tul-ic.
424 2724 445 2748 a
475 2725 532 2763 pr.
566 2725 621 2750 m.
653 2720 687 2749 ct
715 2709 898 2753 exculta.
957 2711 1061 2752 Flor.
1091 2720 1125 2749 et
1156 2707 1318 2751 exultet.
1403 2705 1584 2759 Ideoque.
