1775 3091
193 231 274 269 420
630 224 900 280 Snpplcmenea
932 226 1194 263 annotationis

194 343 365 381 laetitiae
394 353 532 389 causa,
585 339 652 376 sed
685 341 860 376 numeris
898 339 948 381 ,ad
986 347 1190 390 poetarum
1218 336 1426 391 rhythmos
1457 337 1630 388 propius,

196 424 314 463 qnam
345 422 481 461 prosae
514 421 583 458 pal·
622 414 697 453 est,
749 405 1045 452 accedentibus,
1094 408 1144 443 cf.
1177 404 1402 443 Erue-stium
1434 405 1474 441 in
1503 406 1632 441 lexico

196 477 371 515 technol.
408 491 447 527 p.
480 475 580 521 340,
629 475 744 526 eique
776 475 871 512 vitio
904 482 1009 512 recte
1050 475 1262 525 opponitur
1291 475 1412 510 virtus
1446 472 1634 508 orationis

199 546 442 597 compositae.
503 539 713 593 Siquidem
736 537 907 589 Quintil.
936 540 1017 590 IX,
1039 544 1085 588 4,
1122 545 1198 579 116
1229 554 1350 593 quem
1382 541 1420 576 in
1453 546 1632 590 poemate

198 614 329 650 locum
350 610 491 647 habeat
512 609 769 660 versificatio,
812 608 984 646 eundem
1013 610 1067 646 ait
1096 610 1135 645 in
1161 610 1337 645 oratione
1360 605 1504 643 habere
1527 620 1632 643 com-

196 680 435 731 posilionem.
506 673 626 714 Porro
656 690 748 713 cum
780 673 918 712 laesum
952 676 1109 713 dicendi
1138 690 1260 727 genus
1288 674 1390 712 illud
1418 676 1487 718 sit,
1528 673 1634 725 quod

200 747 357 784 fioribus
381 744 677 796 luminibusque
697 744 982 780 sententiarum
1002 745 1122 780 etiam
1141 743 1335 780 delectare
1355 743 1450 778 velit
1467 771 1476 789 ,
1517 754 1566 777 ex
1589 753 1633 776 ea

201 815 342 851 virtute
371 813 510 848 vitium
540 812 604 858 fit,
654 812 686 848 si
716 819 868 861 praeter
898 810 1202 848 delectationem
1229 808 1335 846 nihil
1363 808 1470 844 aliud
1489 809 1635 858 petitur

200 880 384 918 inanibus
406 879 576 915 flosculis
598 886 636 916 et
664 879 878 929 puerilibus
903 879 1162 915 sententiolis.
1219 874 1355 928 Atque
1379 874 1497 923 hinc,
1535 876 1638 911 sicut

202 947 415 984 hominum
463 959 589 983 mores
634 947 809 999 corrupti
842 945 1051 992 dicuntur,
1100 946 1243 997 quibus
1280 942 1385 980 nihil
1426 941 1638 980 honestum

202 1015 447 1066 propositum
469 1021 545 1062 est,
575 1015 630 1051 ita
654 1013 811 1051 dicendi
835 1026 994 1065 quoque
1014 1026 1137 1063 genus
1158 1020 1378 1064 cor-rupium
1401 1011 1635 1062 appellatur,

203 1081 311 1134 quod
343 1080 450 1118 idem
483 1088 539 1118 est
562 1079 766 1119 lasciviens
798 1089 837 1118 et
869 1078 1129 1117 luxurias-mn.
1196 1077 1249 1117 Et
1280 1077 1393 1116 laetis
1429 1076 1637 1125 luoeuriosa

203 1150 368 1200 opponit
407 1145 582 1197 Quintil.
618 1144 719 1197 XII,
753 1151 803 1186 10
834 1146 961 1198 extu]

314 1216 349 1265 ξ.
385 1219 449 1255 17.
509 1213 695 1268 quamlib.
745 1213 811 1253 Sic
842 1213 932 1253 Par.
963 1219 1001 1254 2.
1032 1229 1108 1253 sec.
1136 1228 1190 1253 m.
1228 1211 1391 1267 quidlib.
1416 1210 1506 1251 Par.
1532 1214 1569 1248 1.
1600 1212 1637 1247 6.

203 1283 374 1334 [explica
393 1284 570 1335 quamvis
592 1282 693 1319 illud
714 1282 820 1335 quod
842 1283 1011 1320 efferunt
1026 1313 1036 1332 7
1074 1284 1124 1320 sit
1149 1282 1359 1333 frigidum,
1391 1294 1483 1319 cum
1502 1285 1637 1317 contra

205 1359 353 1390 veteres
374 1352 435 1387 illi
458 1351 665 1400 magnifice
684 1351 877 1387 senserint
890 1380 900 1399 ‚
939 1349 1098 1388 horride
1119 1352 1266 1388 elocuti
1285 1351 1378 1387 sint.
1396 1348 1410 1399 ]

315 1417 350 1468 ᾗ.
386 1420 450 1455 19.
510 1415 653 1465 [Miror
671 1419 787 1454 crisin
808 1416 1148 1468 Spaldingianam,
1183 1417 1288 1470 quod
1315 1413 1521 1454 imitabilia
1541 1413 1640 1452 scri-

207 1484 382 1524 bendum
412 1484 585 1528 censuit,
624 1485 804 1535 quamvis
830 1483 932 1520 illud
961 1485 1091 1533 ipsum
1109 1487 1274 1534 scriptor
1297 1484 1456 1532 doceat,
1496 1482 1639 1520 viden-

205 1552 302 1589 ‹lum
329 1564 409 1588 esse
442 1552 605 1602 cuique,
648 1549 744 1601 quid
772 1550 872 1587 vires
903 1549 1137 1599 admittant,
1188 1550 1283 1603 quid
1311 1552 1411 1587 ferre
1444 1556 1637 1586 recusent.

206 1617 323 1669 Quae
345 1630 462 1668 supra
486 1616 586 1654 dixit
606 1617 816 1653 imitabilia
835 1630 918 1653 non
939 1630 1039 1663 esse,
1077 1618 1308 1668 ingenium,
1350 1619 1638 1665 inventionem,

205 1688 383 1737 reliqua,
433 1697 479 1720 ea
517 1685 559 1720 in
600 1685 830 1720 universum
867 1684 1080 1720 imitationi
1111 1686 1364 1722 eximuntur:
1413 1698 1522 1721 nunc
1559 1686 1640 1732 jam

205 1754 253 1791 de
283 1752 533 1802 singulorum
564 1749 724 1788 diversis
751 1751 921 1801 ingeniis
950 1750 1067 1799 dicit,
1105 1753 1244 1804 quibus
1263 1753 1359 1790 item
1384 1751 1459 1789 hoc
1481 1760 1518 1789 et
1537 1750 1642 1788 illud

205 1834 286 1861 uon
315 1820 526 1857 conveniat
556 1832 630 1855 nec
656 1820 788 1870 expeti
808 1818 979 1865 debeat]
1051 1828 1290 1872 assequatur.
1329 1818 1419 1858 Par.
1447 1824 1485 1858 6.
1513 1817 1638 1858 Amb.

206 1894 238 1927 2.
261 1896 454 1940 sequatur.
484 1884 573 1924 Par.
598 1884 635 1924 1'.
658 1890 698 1925 2.
719 1895 985 1938 persequatur.
1071 1884 1165 1924 (iure
1178 1888 1301 1940 fiunt.
1343 1885 1409 1926 Sic
1430 1884 1519 1926 Par.
1541 1891 1580 1926 2.
1600 1889 1637 1924 6.

202 1955 324 1992 Amb.
352 1958 390 1993 2.
436 1951 639 1991 durescunt
667 1951 757 1992 Par.
785 1956 820 1991 1.

315 2033 351 2083 ξ.
381 2036 448 2071 20.
509 2030 671 2070 credidi.
708 2029 774 2069 Sic
793 2029 882 2070 Par.
905 2035 941 2069 1.
965 2035 999 2070 G.
1025 2030 1200 2072 Amb.2.
1246 2031 1394 2071 tradidi
1412 2030 1502 2071 Par.
1517 2038 1553 2071 2.

204 2102 365 2138 invenit.
415 2097 483 2137 Sic
504 2100 624 2137 etiam
647 2096 773 2137 Amb.
796 2103 836 2137 2.

317 2179 354 2228 §.
386 2182 454 2217 21.
516 2176 610 2216 illis.
655 2175 722 2216 Sic
745 2175 835 2216 Par.
864 2182 900 2216 1.
925 2182 962 2216 2.
987 2181 1023 2216 6.
1050 2176 1176 2215 Amb.
1198 2182 1236 2216 2.

312 2259 347 2306 §.
380 2260 447 2295 22.
506 2271 596 2293 suus
623 2257 770 2309 cuique.
817 2252 884 2294 Sic
904 2253 994 2294 Par.
1021 2261 1085 2305 2.,
1126 2256 1194 2293 sed
1220 2255 1307 2295 Par.
1337 2260 1370 2295 1.
1393 2260 1430 2294 6.
1452 2254 1573 2295 Amb.
1592 2261 1635 2295 2.

203 2339 282 2364 om.
307 2326 405 2377 cuiq.

311 2403 347 2454 ξ.
382 2406 450 2442 23.
511 2398 808 2454 acjncunclitaS.
849 2399 972 2440 Amb.
998 2406 1036 2440 2.
1065 2411 1131 2439 aut
1152 2400 1308 2440 inclitas.

314 2481 348 2532 ᾗ.
384 2479 451 2519 24.
516 2479 708 2518 Omnium.
747 2478 815 2518 Sic
838 2477 926 2517 Par.
952 2484 989 2519 6.
1050 2479 1162 2531 longe
1183 2496 1282 2518 omn.
1314 2479 1402 2519 Par.
1437 2484 1473 2518 1.
1498 2484 1534 2518 6.

203 2545 268 2585 ille
295 2546 383 2586 Par.
415 2551 451 2586 1.
473 2552 512 2586 2.
536 2551 572 2586 6.
680 2557 713 2585 et
742 2543 814 2585 sol.
843 2570 897 2576 —
925 2557 993 2585 cst.
1025 2562 1104 2586 om.
1134 2547 1222 2586 Par.
1247 2553 1281 2586 2.
1306 2554 1341 2586 ὕ.
1429 2545 1638 2585 imitandus

203 2624 278 2662 cst,
318 2616 433 2652 etiam
461 2612 586 2652 Amb.
611 2619 649 2653 2.

315 2693 349 2742 §.
381 2697 447 2731 25.
509 2701 670 2731 noceret.
708 2690 774 2731 Sic
803 2690 888 2730 Par.
917 2697 950 2730 1.
972 2698 1010 2731 2.
1038 2697 1075 2729 6.
