1775 3091
194 244 216 273 fl
622 236 895 292 Supplementa
932 237 1198 276 annotationis

190 350 307 392 Voss.
345 357 383 392 2,
425 357 463 392 3.
506 351 566 391 ed.
600 349 752 404 Gryph.
797 349 1056 388 disserendum
1096 359 1177 399 est,
1227 348 1337 388 adeo.
1394 346 1530 389 Turio.
1561 349 1628 388 sed

191 418 452 457 disserentium
489 430 543 457 est
583 418 678 457 adeo
717 417 800 466 (al.
832 432 940 457 man.
971 432 1097 467 corn,
1138 425 1183 455 ut
1210 419 1329 469 vulgo
1360 414 1472 468 leg).
1587 421 1631 455 in

192 502 271 540 qua
310 489 430 525 etiam
469 486 568 525 Bad.
609 485 758 524 Vidov.
796 482 927 522 Andr.
968 482 1109 537 Steph.
1151 482 1281 523 Colin.
1341 482 1421 523 Sed
1450 483 1559 523 Jens.
1590 486 1630 522 in

191 570 329 607 quam,
368 568 450 592 non
481 556 521 592 in
554 569 671 608 quae,
712 560 758 590 ut
788 561 920 590 narrat
947 549 1068 591 Gesn.
1164 566 1217 588 ex
1246 550 1306 589 his
1333 550 1482 590 incidat
1513 567 1633 605 quae-

191 623 265 660 stio
304 619 429 660 Amb.
473 625 510 660 1.
623 628 710 657 sunt
752 618 990 672 est-plicando
1030 617 1128 658 Tur.
1167 620 1250 667 (ab
1295 620 1345 656 al.
1384 633 1493 658 man.
1533 634 1631 658 corr.

192 690 269 726 sint
281 688 308 740 ).
350 687 455 728 Flor.
488 687 627 740 Camp.
662 684 815 739 Gryph.
876 685 1080 739 [Videtur
1109 689 1273 724 omnino
1303 694 1342 725 et
1371 685 1632 724 disserendum

191 765 247 793 est
277 765 317 794 et
344 766 430 793 sunt
460 753 701 808 explicantia
727 755 870 805 corrigi
899 753 1062 803 debere,
1101 767 1197 792 nam
1221 753 1431 793 dubitandi
1458 756 1558 793 ratio
1587 755 1632 792 iu

192 823 268 863 hac
298 839 340 862 re
370 826 483 862 nulla
513 820 618 872 est.]

306 892 341 940 §.
376 895 440 931 13.
503 890 700 943 aptissime
729 887 838 928 Jens.
868 886 989 927 Tarv.
1021 885 1129 927 Ven.
1159 886 1260 927 Ald.
1293 886 1414 928 Goth.
1443 891 1501 928 sic
1535 905 1634 943 quo-

191 973 264 1011 que
289 958 420 1012 officio
451 974 536 1010 cop.
578 956 686 996 Flor.

306 1027 337 1077 ᾗ.
373 1027 437 1064 14.
497 1023 825 1077 instituendusque
863 1021 1003 1075 Camp.
1042 1019 1176 1061 Andr.
1215 1018 1314 1059 Ald.
1351 1018 1463 1061 Sich.
1580 1024 1637 1062 rei

189 1091 503 1144 praeclarissime
542 1091 641 1132 Tur.
687 1093 794 1142 (om.
825 1089 1025 1143 publicae,
1076 1089 1184 1143 quod
1224 1091 1275 1128 al.
1314 1103 1424 1128 man.
1456 1089 1635 1143 addidit)

192 1159 299 1198 Flor.
365 1161 431 1198 rei.
468 1149 514 1212 ἶ
542 1157 756 1197 clarissime
782 1155 908 1196 Amb.
947 1161 985 1196 1.

311 1224 412 1278 [Ad
442 1228 750 1278 explicationem
780 1227 889 1263 verbi
915 1225 1142 1278 promittere
1170 1225 1339 1262 conferri
1363 1226 1472 1274 jubet
1493 1222 1631 1278 Spald.

191 1291 350 1332 Platon.
379 1292 537 1345 Protag.
567 1297 645 1332 319
677 1307 711 1331 a.
742 1289 788 1331 τὸ
822 1288 1048 1344 ἐπάγγελμα
1078 1288 1099 1331 ὃ
1131 1289 1463 1343 ἐπαγγέλλομαι]

308 1362 339 1413 ᾗ.
370 1364 435 1400 15.
492 1360 759 1413 praeceperint
786 1357 910 1398 Amb.
947 1365 984 1398 1.
1026 1368 1303 1412 praeceperant
1325 1361 1485 1397 volebat
1507 1358 1635 1398 Fran-

195 1431 290 1467 cius.
406 1430 582 1467 maxime
610 1429 708 1465 vitia
736 1424 850 1467 Alm.
881 1426 988 1467 Flor.
1019 1425 1120 1468 Tur.
1148 1427 1224 1474 (in
1251 1426 1327 1465 11οο
1356 1440 1474 1478 supra
1505 1431 1635 1478 corr.)

197 1493 330 1535 Guelf.
1314 1496 1317 1500 ¹

310 1560 389 1616 [In
431 1566 686 1603 annotatione
731 1566 801 1602 ubi
841 1564 888 1601 de
931 1564 1094 1601 iristitia
1131 1561 1464 1615 philosophorum
1492 1563 1634 1614 agitur,

196 1633 345 1682 corrige
375 1646 445 1684 pro
479 1629 530 1679 Π,
566 1637 603 1680 1,
637 1631 688 1671 34
720 1640 854 1670 noster
882 1628 962 1680 XI,
1000 1634 1038 1680 1,
1071 1628 1169 1680 34]

312 1699 342 1751 ξ.
377 1703 441 1737 16.
501 1698 618 1737 Haec
645 1709 771 1737 autem
799 1701 921 1737 etiam
950 1700 1057 1737 Flor.
1090 1697 1188 1737 Tur.
1219 1696 1309 1737 Par.
1343 1703 1380 1737 1.
1411 1703 1450 1738 2.
1495 1696 1634 1751 Camp.

197 1764 317 1804 ΤΗΝ.
358 1764 467 1804 Ven.
510 1764 620 1804 Sich.
756 1765 870 1805 modo
911 1781 983 1804 non
1022 1774 1097 1804 cet.
1156 1764 1291 1803 Etiam
1328 1780 1348 1803 e
1389 1763 1488 1804 Tur.
1529 1763 1636 1804 Flor.

198 1831 323 1871 Amb.
359 1837 395 1871 1.
427 1835 591 1871 varietas
623 1835 735 1870 nulla
766 1841 924 1871 enotata
955 1841 1034 1882 θεῖς
1087 1832 1194 1869 unde
1233 1834 1437 1884 probabile
1467 1834 1532 1882 fit,
1574 1847 1638 1871 eos

198 1908 399 1952 receptam
446 1899 647 1939 exhibere.
714 1898 829 1939 modo
877 1908 1143 1951 transponunt
1181 1897 1283 1938 Bad.
1329 1897 1444 1939 Cerv.
1484 1898 1636 1939 Vidov.

200 1964 335 2005 Colin.
364 1965 528 2005 Vascos.
570 1968 760 2006 Galland.
800 1965 940 2018 Steph.
973 1965 1188 2019 Gryphius.
1249 1965 1470 2019 Vulgatam
1498 1969 1640 2006 lectio-

200 2047 297 2070 nem
334 2041 468 2070 tuetur
506 2031 624 2072 BodJ.
667 2042 701 2069 et
730 2047 808 2071 om.
845 2031 1014 2072 Chouet.
1047 2032 1174 2071 Stoer.
1205 2033 1336 2073 Hack.
1381 2043 1440 2081 et,
1482 2043 1640 2073 auctore

203 2098 407 2148 Pottierio,
439 2098 560 2137 Paris.
586 2104 623 2139 1,
649 2108 688 2138 et
707 2104 745 2138 2.
777 2114 870 2137 cum
890 2100 983 2138 edit.
1003 2098 1210 2150 Campani,
1242 2114 1486 2153 quamqualn
1503 2101 1639 2152 Spald.

203 2166 309 2203 nihil
337 2181 388 2204 ex
416 2166 491 2204 hac
523 2181 544 2204 a
566 2176 723 2219 recepta
752 2168 923 2205 lectione
945 2166 1144 2204 diversum
1166 2170 1354 2205 enotavit.
1419 2167 1523 2217 Quid
1542 2170 1641 2206 enim

204 2231 322 2271 Voss.
355 2236 393 2271 3.
437 2234 544 2286 quod
585 2237 792 2287 amplexus
837 2242 894 2271 est
935 2231 1048 2272 Gust.
1083 2231 1244 2285 Sarpius
1276 2235 1319 2271 in
1348 2232 1641 2273 Analectorum

207 2300 259 2338 ad
278 2298 502 2352 Spaldingii
522 2299 823 2351 Quintilianum
843 2303 1057 2353 specimine
1087 2315 1177 2354 pag.
1203 2305 1251 2339 11
1282 2304 1337 2339 sic
1369 2303 1448 2354 legi
1476 2304 1638 2352 jubens:

211 2366 315 2417 Quid
353 2366 484 2406 enim?
534 2385 608 2406 non
638 2368 684 2406 de
704 2371 808 2422 justo
838 2390 893 2395 ——
921 2367 1035 2407 modo
1066 2384 1141 2407 non
1171 2368 1222 2420 (i.
1256 2383 1290 2408 e.
1322 2368 1641 2424 propemodum)

209 2443 245 2471 et
271 2436 334 2471 vir
356 2436 543 2487 pessimus
571 2434 774 2490 loquitur?
887 2450 1009 2474 nonne
1035 2437 1097 2474 vir
1122 2437 1309 2490 pessimus
1349 2433 1472 2476 Goth.

324 2501 362 2549 §.
396 2506 461 2540 17.
523 2501 697 2556 loquetur
731 2500 852 2542 Goth.
891 2500 1018 2542 Amb.
1046 2507 1084 2543 1.
1122 2502 1214 2557 (cui
1244 2505 1346 2553 alla,
1394 2512 1440 2542 ut
1470 2504 1640 2552 videtur,

212 2581 320 2606 man.
352 2568 504 2607 addidit
540 2572 586 2619 e)
633 2569 772 2622 Camp.
898 2566 1048 2608 deser-ta
1076 2580 1118 2608 ut
1149 2569 1248 2608 dixi
1274 2580 1386 2624 parte
1412 2569 1530 2609 Bodl.
1563 2570 1641 2607 duo

213 2634 340 2675 Palat.
382 2635 520 2688 Camp.
552 2635 671 2676 Tarv.
699 2635 807 2675 Ven.
839 2633 947 2675 Sich.
983 2635 1080 2676 Tur.
1114 2652 1136 2677 a
1164 2651 1219 2676 m.
1251 2653 1326 2677 sec.
1370 2636 1504 2689 (prior
1533 2638 1642 2673 enim

213 2705 365 2756 scripsit
383 2702 569 2741 desertum
594 2719 631 2742 u.
654 2702 693 2743 d.
717 2707 894 2758 partem)
926 2712 965 2743 et
984 2701 1116 2744 Guelf.
1148 2703 1243 2759 (qui
1262 2714 1395 2744 tamen
1416 2716 1493 2741 om.
1515 2699 1640 2755 dixi).
