1775 3091
228 213 309 254 450
677 208 953 264 Supplementa
994 210 1256 250 annotationis

233 339 325 366 cum
344 323 528 364 ianthino
545 330 723 372 vocatur,
752 330 992 376 quapropter
1011 322 1082 361 alii
1102 320 1304 361 buccinum
1323 324 1516 376 legerunt.
1547 321 1669 364 Porro

231 407 301 446 pro
321 390 445 431 luceat
462 389 731 432 Buttmannus
750 390 793 426 in
813 390 936 441 praef.
956 386 1052 428 Vol.
1073 386 1137 428 IV
1157 406 1198 444 p.
1220 387 1371 430 XVIII
1393 376 1670 443 corrIgeudum

231 469 346 513 putat
374 459 546 505 luceam,
585 463 690 495 recte
715 457 914 508 pluralem
944 469 1161 496 numerum
1187 471 1365 510 poscens.
1425 456 1507 498 Sed
1535 461 1668 498 nescio

235 542 286 567 an
306 529 432 580 aptius
453 526 572 563 etiam
602 525 721 562 fuerit
739 521 904 576 lucent.]

348 595 385 647 ξ.
417 597 484 633 77.
544 590 699 646 [Neque
718 592 827 631 enim.
866 589 1032 631 Pottier.
1052 593 1256 644 vulgatam
1276 594 1467 646 sequitur,
1488 592 1537 632 de
1553 594 1666 632 codd.

235 662 422 703 Parisinis
445 662 548 699 silet.
599 657 681 698 Sed
702 657 808 696 nihil
827 660 950 697 tutius
965 658 1135 709 videtur,
1165 673 1284 714 quam
1299 662 1413 698 illam
1430 662 1670 713 optimorum

236 730 419 771 codicum
447 729 683 779 scripturam
708 725 929 765 secundum
957 724 1163 779 Spalding.
1183 728 1398 780 κείρει-9.]

347 795 383 847 §.
413 798 480 834 78.
540 791 677 833 clivus.
725 791 816 833 Par.
839 796 878 832 1.
903 792 942 832 2.
966 791 1084 834 dives.

347 863 382 914 ξ.
414 866 482 902 79.
540 862 690 915 supina.
741 857 808 900 Sic
841 858 933 900 Par.
966 865 1005 900 1.
1068 877 1248 915 suprema
1271 859 1363 901 Par.
1385 866 1424 901 2.
1518 861 1671 913 [habet.

236 930 446 971 Heindorf.
482 931 526 967 in
565 929 690 981 praef.
729 925 827 967 Vol.
860 924 924 968 IV
963 942 1003 982 p.
1041 925 1192 969 XVIII
1235 927 1488 968 scribendum
1520 932 1673 969 censuit

239 997 390 1037 habeat.
447 992 511 1035 De
538 995 793 1038 distinctione
811 996 1056 1036 instituenda
1083 998 1133 1036 cf.
1155 996 1344 1049 ibidem.]

799 1117 962 1160 CAP.
1020 1116 1109 1160 XI.

349 1203 385 1252 ξ.
416 1205 457 1240 2.
514 1207 674 1253 quaerat
698 1199 884 1253 priorem.
931 1197 999 1239 Sic
1030 1195 1123 1239 Par.
1156 1203 1195 1239 1.
1224 1204 1264 1240 2.
1314 1207 1526 1253 quaeratur·
1546 1198 1674 1251 perire

241 1266 331 1307 Par.
356 1272 395 1307 2.
417 1282 495 1307 sec.
516 1281 572 1305 m.

352 1337 388 1385 ξ.
422 1338 462 1373 3.
520 1348 603 1374 occ.
648 1334 717 1373 uit.
755 1332 847 1373 Par.
879 1337 915 1372 1.
941 1338 981 1374 2.
1012 1333 1131 1373 inser.
1151 1331 1226 1373 illi.
1285 1331 1537 1382 [Rectiorem
1555 1332 1675 1385 hujus

241 1404 319 1441 loci
349 1403 718 1453 interpretationem
742 1403 825 1453 ipse
851 1398 1121 1440 Buttmannus
1148 1403 1192 1439 iu
1216 1403 1339 1454 praef.
1373 1411 1470 1441 tom.
1490 1399 1554 1442 IV
1571 1411 1673 1442 extr.

241 1470 454 1521 proposuit.
509 1464 649 1521 Itaque
670 1466 742 1505 illa
765 1466 1046 1521 qualiacunque
1061 1469 1408 1521 interpretabimur
1430 1470 1543 1519 ,‚illa‚
1575 1484 1676 1523 quae

241 1535 344 1575 Afer
374 1535 619 1587 proferebat,
665 1535 960 1589 quaIIacunque
989 1538 1166 1584 erant,“
1209 1537 1279 1572 illa
1310 1537 1432 1586 igitur
1459 1550 1542 1574 non
1567 1540 1673 1576 mala

242 1603 406 1657 quidem
434 1602 554 1639 fuisse
592 1598 769 1651 Quintil.
810 1601 928 1647 dicit,
978 1599 1047 1639 sed
1077 1608 1214 1639 tamen
1251 1603 1407 1640 minora
1447 1604 1519 1653 iis,
1571 1619 1674 1657 quae

242 1671 340 1708 olim
359 1670 565 1717 attulerat,
602 1674 647 1706 ut
666 1681 917 1719 cognosceres
943 1668 1104 1706 leonem
1132 1666 1288 1718 adhuc,
1326 1681 1555 1724 quanquam
1576 1673 1674 1710 viri-

241 1738 313 1776 bus
332 1731 571 1786 desertum]

350 1800 388 1853 §.
419 1802 460 1840 4.
514 1811 804 1856 prosequentur.
844 1799 912 1841 Sic
931 1798 1023 1841 Par.
1048 1805 1136 1842 1.2.
1225 1812 1306 1852 aut,
1334 1812 1389 1842 ut.
1428 1802 1496 1843 Sic
1515 1801 1606 1844 Par.
1619 1809 1674 1855 2.,

241 1869 311 1909 sed
337 1868 429 1910 Par.
459 1873 495 1909 1.
527 1882 607 1909 om.
637 1879 719 1909 aut.
804 1867 984 1909 destinat.
1031 1867 1123 1909 Par.
1144 1873 1185 1909 2.
1216 1868 1446 1910 destinabat.
1534 1871 1672 1912 tradet.

243 1939 308 1978 Sic
325 1935 418 1977 Par.
436 1941 477 1978 2.
506 1952 584 1977 sec.
604 1950 659 1976 m.
699 1934 830 1975 reddet
851 1936 942 1976 Par.
965 1941 1002 1976 1.

353 2007 390 2057 §.
420 2008 459 2045 7.
519 2012 553 2042 et
573 2006 722 2043 sentiet.
759 2002 850 2044 Par.
872 2009 908 2044 2.
937 2017 1014 2042 sec.
1038 2016 1094 2044 m.
1122 2013 1158 2042 et
1180 2006 1330 2043 sentiat.
1377 2002 1469 2044 Par.
1503 2010 1541 2045 1.
1565 2011 1604 2047 2.
1638 2017 1673 2045 et

244 2072 480 2111 sententiam.

353 2139 389 2190 ξ.
421 2144 460 2179 9.
521 2136 766 2177 crediderint.
808 2135 875 2176 Sic
896 2134 987 2178 Par.
1009 2143 1048 2178 2.
1070 2153 1148 2178 sec.
1167 2152 1226 2178 m.
1274 2137 1502 2179 crediderim
1519 2139 1611 2181 Par.
1633 2146 1672 2181 1.

324 2221 487 2245 moram.
528 2203 622 2244 Par.
646 2209 685 2244 1.
705 2220 864 2242 morum.
913 2203 1006 2245 Par.
1029 2210 1069 2245 2.
1094 2205 1258 2259 pondus,

354 2273 390 2323 §.
426 2275 491 2311 10.
552 2271 632 2322 Qui
647 2273 826 2325 primum.
868 2270 960 2311 Par.
983 2277 1022 2312 1.
1041 2276 1081 2313 2.
1119 2274 1220 2312 Tum
1243 2276 1307 2328 qui
1323 2290 1386 2327 pr.

351 2344 387 2392 §.
422 2344 488 2379 12.
543 2338 726 2391 Longam
753 2340 861 2377 enim.
909 2337 977 2379 Sic
1005 2337 1097 2380 Par.
1121 2345 1162 2381 2.
1199 2357 1275 2381 sec.
1306 2357 1361 2381 111.
1407 2339 1526 2394 legem
1549 2358 1672 2381 meam

243 2405 334 2447 Par.
358 2410 396 2446 1.
417 2410 458 2446 2.
545 2405 695 2445 credas.
740 2404 808 2446 Sic
829 2405 920 2446 Par.
939 2412 979 2447 2.
1027 2407 1142 2448 cedas
1160 2407 1251 2449 Par.
1275 2413 1314 2448 1.

354 2474 392 2523 §.
425 2474 492 2512 14.
549 2473 616 2526 qui
632 2494 689 2504 —-·
709 2484 1002 2526 occupaverunt.
1053 2474 1122 2516 Sic
1146 2473 1240 2515 Par.
1269 2480 1306 2515 1.
1330 2481 1368 2515 2.

353 2542 389 2591 §.
424 2544 491 2579 16.
549 2542 660 2578 sitin
677 2556 768 2580 una.
805 2538 898 2579 Par.
925 2545 962 2580 1.
983 2547 1022 2581 2.
1056 2556 1136 2582 om.
1159 2545 1212 2583 in.
1302 2541 1489 2595 Cognosc.
1517 2554 1564 2584 et.
1603 2541 1670 2582 Sic

243 2605 332 2646 Par.
357 2611 395 2645 1.
415 2611 453 2646 2.
540 2621 594 2645 εει·
618 2608 671 2645 iis
693 2629 749 2638 --
777 2606 905 2647 habui.
951 2606 1044 2649 Par.
1073 2614 1110 2649 1.
1137 2615 1176 2651 2.
1203 2609 1293 2665 plus
1321 2624 1374 2649 ex·
1408 2610 1467 2650 his
1492 2611 1671 2666 partibus

243 2673 359 2728 (Par.
380 2676 418 2713 2.
439 2687 515 2712 sec.
536 2686 592 2715 m.
620 2673 795 2728 artibus)
820 2690 984 2729 quarum
1001 2675 1041 2716 lz.
