1775 3091
348 317 400 358 cul
431 317 592 371 Qm'ttlil.
622 316 749 358 Inseit.
780 316 868 367 III,
911 322 946 357 l.
981 317 1017 369 ᾗ.
1043 321 1157 356 11-—
1176 320 1241 356 19.
1430 319 1506 355 117

161 448 240 471 csse
267 442 406 472 tacere.
463 448 542 471 essa
569 448 609 471 se
639 442 766 471 tacere
793 429 917 470 Amb.
942 435 978 470 1.
1010 444 1032 469 a
1059 444 1136 469 sec.
1164 442 1219 468 m.
1247 426 1366 469 Tarv.
1396 430 1502 469 Ven.

77 497 174 541 Ald.
287 498 512 540 Isocratem.
573 499 774 540 Isocraten
800 497 924 537 Amb.
947 503 1007 549 1.,
1047 506 1092 537 ut
1119 511 1246 550 saepe.

188 567 224 618 ξ.
257 570 322 607 15.
375 567 597 608 studiosius.
655 566 793 607 Turio.
833 581 855 605 a
883 581 940 619 pr.
970 580 1024 605 m.
1054 563 1266 613 studiosus,
1313 563 1419 603 unde
1449 564 1502 602 al.

76 647 131 675 m.
160 636 254 674 fecit
281 633 499 686 stucliosos5
545 643 584 674 et
612 637 667 674 ita
697 633 835 687 Camp.
947 632 1180 686 philosophi.
1238 630 1505 685 philosophiae

74 700 209 740 Turio.
248 700 354 740 Flor.
396 700 510 741 Alm.
559 700 684 741 Amb.
718 706 755 742 1.
795 700 932 755 Camp.
1050 701 1230 740 rhetores·
1298 698 1505 738 rhetorices

72 766 198 808 Δῃὼ.
229 773 267 809 1.
309 766 385 824 (ab
425 769 566 808 eadem
602 778 647 808 ut
674 769 831 809 videtur
861 784 984 810 mauu
1013 783 1130 822 supra
1157 768 1336 807 additum
1364 775 1421 806 est
1451 768 1503 813 ic,

73 850 166 875 cum
201 837 246 874 in
281 845 395 876 textu
434 838 570 876 fuisset
599 835 790 890 rhetores)
823 835 960 890 Camp.
1019 835 1123 889 (Hic
1155 843 1355 889 praeterea
1385 849 1502 887 quam

72 912 202 942 mutat
241 905 284 942 in
324 920 419 957 quae
455 902 564 958 non)
605 903 724 944 Tarv.
764 902 872 945 Ven.
982 906 1211 958 praecipue,
1250 903 1391 942 omisso
1419 917 1504 955 que,

73 969 193 1009 habet
223 973 344 1009 etiam
373 970 484 1011 Sich.

188 1038 223 1088 §.
260 1042 324 1077 16.
382 1038 543 1079 videtur.
603 1038 796 1079 videretur
834 1036 971 1079 Turio.
1008 1037 1117 1079 Flor.
1153 1035 1269 1077 Alm.
1382 1034 1508 1077 Hali-

75 1118 281 1143 carnaseus
310 1103 431 1144 Turio
459 1104 567 1147 Flor.
599 1104 737 1158 Camp.
768 1120 861 1145 cum
888 1108 1022 1144 multis
1052 1105 1143 1146 edd.
1171 1113 1268 1144 vett.

183 1173 218 1220 §.
252 1176 317 1211 17.
379 1170 593 1212 Gadareus.
643 1171 831 1224 gadeseus
860 1169 984 1211 Aan.
1008 1176 1046 1211 1.
1159 1169 1310 1209 maluit.
1358 1169 1508 1209 mavult

73 1235 209 1276 Turic.
244 1235 382 1291 Camp.
501 1238 695 1280 Tiberius.
756 1239 871 1277 Titus
909 1253 1002 1278 cum
1037 1236 1152 1279 Alm.
1181 1237 1332 1278 habent
1368 1236 1504 1278 Turic-

71 1302 349 1358 Flor.Ca1np.
383 1312 421 1344 et
452 1319 475 1344 a
505 1320 584 1345 sec.
615 1320 671 1346 m.
699 1304 824 1345 Amb.
850 1310 889 1346 1.

183 1372 317 1421 §.18.
376 1371 465 1410 indo
503 1387 584 1412 om.
624 1372 731 1414 Flor.
771 1388 796 1412 a
835 1388 895 1426 pr.
933 1387 990 1412 m.
1049 1371 1185 1412 deinde
1213 1371 1355 1426 Cmnp.
1471 1382 1508 1410 et

76 1437 305 1478 Theodorei.
368 1455 416 1479 ac
460 1440 609 1481 Theod.
648 1438 786 1480 Turio.
827 1438 960 1480 Guelf.
1002 1439 1144 1493 Camp.
1175 1439 1276 1482 AJd.
1389 1438 1508 1479 latine

68 1505 163 1562 fuit.
211 1505 301 1562 ficit
341 1505 458 1545 latine
494 1506 631 1551 Turio.
670 1507 779 1549 Flor.
818 1506 953 1548 Guelf.
984 1507 1126 1561 Camp.
1158 1507 1286 1558 Obr.‚
1335 1508 1426 1548 fort.
1457 1520 1510 1546 ex

71 1571 243 1626 Argent.
355 1571 400 1613 C.
443 1572 628 1627 Valgius,
700 1573 821 1614 Gaius
863 1573 917 1615 V.
966 1574 1091 1615 Amb.
1132 1581 1169 1616 1.
1189 1608 1201 1627 ‚
1252 1584 1290 1614 et
1325 1576 1382 1614 ita
1424 1576 1509 1613 fere

72 1655 226 1693 semper
256 1640 333 1697 (cf.
361 1638 395 1691 Ι,
426 1645 467 1692 7,
498 1642 591 1695 28).
648 1642 840 1695 Evalgius
876 1642 985 1683 Jeus.
1015 1642 1135 1686 Tarv.
1164 1642 1263 1683 ΑΜ.
1295 1657 1387 1682 cum
1414 1640 1509 1681 Bal.

72 1705 189 1746 Voss.
225 1712 264 1747 3.
348 1706 556 1761 .Valgius,
589 1725 668 1751 om.
704 1709 762 1759 G.‚
793 1708 892 1750 Loc.
923 1709 1032 1750 Veu.
1146 1709 1336 1755 „Matium
1391 1707 1509 1748 Mat-

70 1776 168 1814 tium
194 1773 319 1816 Amb.
347 1780 384 1818 1.
443 1788 625 1815 matrzum
657 1786 714 1817 est
743 1779 864 1815 etiam
892 1779 934 1815 in
952 1775 1051 1817 Loo.
1071 1775 1180 1816 Veu.
1198 1806 1208 1826 ‚
1239 1791 1323 1831 non
1352 1774 1510 1815 Tarvis.

157 1844 348 1894 agnoscit.
398 1859 577 1895 cognosc.
599 1842 741 1896 Camp.
832 1843 1089 1896 hermagoran
1107 1842 1242 1882 Turio.
1264 1857 1356 1881 cum
1371 1839 1510 1884 Guelf-

1 1894 5 1933 ἶ
73 1908 228 1963 [Amb.
259 1916 297 1950 1.
328 1912 450 1949 taceri
477 1912 619 1961 miror,
649 1913 720 1964 qui
748 1910 865 1960 hujus
893 1912 985 1948 libri
1017 1924 1102 1962 cap.
1135 1913 1201 1958 11,
1232 1913 1282 1950 18
1313 1907 1508 1949 Graecam

71 1978 243 2016 formam
281 1977 481 2016 exhibeat.
547 1974 622 2015 Ille
662 1992 755 2017 vero
802 1985 842 2015 et
887 1976 1138 2029 Protagoran
1172 1973 1253 2026 HI,
1285 1976 1332 2026 4,
1368 1982 1419 2016 10
1466 1983 1508 2015 et

5 2037 7 2044 Ι
72 2044 294 2084 Aeschinen
320 2042 372 2094 H,
407 2048 472 2093 17,
505 2049 570 2083 12.
619 2044 820 2084 Isocraten
848 2041 921 2095 ΠΙ,
947 2049 985 2094 1,
1010 2043 1075 2082 14.
1124 2041 1342 2083 Plisthenen
1367 2040 1442 2093 ΠΙ,
1463 2047 1507 2093 7,

76 2116 126 2152 19
154 2111 224 2150 sed
250 2113 373 2150 etiam
399 2111 634 2161 Phoenicen,
685 2112 794 2165 quod
823 2110 1035 2150 descendat
1066 2125 1086 2148 a
1115 2118 1221 2149 recto
1252 2124 1343 2149 casu
1372 2109 1509 2149 Phoe-

0 2200 13 2231 χ
72 2177 182 2228 nix]
294 2177 473 2219 viderint.
527 2178 701 2217 viderunt
729 2178 871 2232 Camp.
900 2177 1010 2218 Jens.
1041 2186 1079 2216 et
1100 2185 1199 2230 post.
1223 2185 1313 2218 ante
1335 2175 1508 2231 Gryph„

11 2254 13 2259 '
76 2259 163 2284 exc.
193 2243 331 2296 sich„
370 2245 499 2296 Cod.,
540 2255 737 2300 quantum
764 2247 904 2296 video,
944 2248 1092 2287 nullus,

185 2311 223 2362 §.
255 2316 321 2352 19.
379 2302 566 2353 condidit.
628 2313 791 2352 tradidit
824 2313 923 2354 Obr.
956 2327 1050 2352 cum
1076 2310 1224 2360 Berm,
1264 2313 1355 2351 fort.
1377 2309 1506 2351 Amb.

77 2382 141 2427 1.,
180 2379 253 2431 qui
277 2381 426 2419 siletur.
540 2383 580 2420 in
609 2381 710 2420 hanc
737 2383 940 2419 materiam
969 2383 1089 2421 etiam
1116 2378 1224 2419 Flor.
1254 2377 1381 2418 Amb.
1406 2384 1443 2417 1.
1465 2384 1508 2418 2.

73 2443 198 2485 Paris.
221 2448 259 2483 1.
282 2450 321 2485 2.
345 2451 383 2485 3.
415 2445 582 2500 Camp.,
621 2456 667 2487 ut
692 2449 736 2486 in
762 2450 877 2488 nullo
907 2448 995 2488 eod.
1017 2448 1198 2486 videatur
1226 2452 1506 2498 esse-Tempta.

156 2511 224 2552 M.
259 2511 358 2552 Cato
385 2536 440 2544 -
466 2513 532 2552 M.
564 2513 772 2552 Antonius.
827 2513 1016 2555 Perverso
1042 2514 1202 2563 ordine,
1251 2521 1297 2555 ut
1325 2514 1369 2550 in
1397 2519 1507 2556 cete-

23 2607 25 2615 .
75 2570 135 2618 ris¹
156 2580 270 2619 codd.
282 2609 294 2627 ‚
340 2588 434 2619 sunt
474 2580 575 2619 haec
614 2583 734 2619 etiam
769 2582 814 2622 in
839 2584 1003 2631 nostris,
1046 2596 1068 2618 e
1098 2582 1239 2633 quibus
1266 2589 1355 2632 post
1383 2581 1506 2618 omit-

76 2654 167 2685 tunt
194 2646 328 2686 Turio.
358 2645 466 2686 Flor.
491 2661 521 2685 a
549 2662 608 2700 pr.
635 2662 691 2686 m.
721 2645 844 2686 Amb.
865 2654 929 2697 2.,
971 2649 1143 2687 retinent
1170 2644 1296 2686 Amb.
1321 2651 1358 2686 1.
1388 2660 1509 2685 θεοῦ.

76 2726 131 2752 m.
171 2729 264 2754 cum
299 2714 421 2754 Paris.
458 2718 494 2753 1.
518 2720 558 2754 2.
671 2724 782 2768 atquc
808 2715 862 2754 id.
922 2726 956 2753 ct
987 2714 1029 2753 id
1058 2711 1182 2753 Goth
1207 2727 1300 2752 cum
1328 2712 1436 2754 Jens.
1468 2723 1507 2754 et

30 2796 31 2803 ¹
78 2789 176 2831 post.
225 2790 317 2822 ante
367 2778 520 2835 Gryph.
534 2813 544 2833 ‚
605 2795 691 2822 exc.
727 2780 825 2822 ΑΜ.
866 2781 978 2823 Sich.
1103 2779 1288 2829 celebres,
1337 2796 1509 2834 quor.um
