1775 3091
223 237 304 274 282
677 233 944 289 Supplemenm
973 238 1232 276 annotatiOnis

331 349 367 398 §.
399 352 468 390 38.
522 349 730 388 nationum.
775 345 910 387 Turio.
934 345 1066 393 Guelf.
1094 347 1218 390 Amb.
1237 355 1277 390 2.
1309 348 1433 391 Goth.
1466 366 1488 390 a
1510 367 1568 404 pr.
1590 368 1644 391 m.

220 417 426 457 rationum.
507 424 800 469 prosequuntur.
843 412 980 469 Camp.
999 432 1148 471 perseq.
1232 417 1336 471 quocl
1353 418 1467 472 prud.
1507 417 1644 472 Camp.

218 478 289 536 qni
311 482 426 537 prud.
532 498 627 521 eam.
675 479 808 522 Guelf.
838 498 1007 525 causam.
1113 486 1271 525 numine.
1315 484 1418 526 Flor.
1449 501 1471 525 a
1494 501 1569 525 sec.
1590 501 1645 526 m.

217 546 339 590 Amb.
360 556 400 590 2.
427 549 516 589 Par.
542 553 577 589 1.
600 551 719 588 etiam
739 552 880 590 animo.

238 644 241 646 -
329 619 367 668 §.
399 621 466 657 39.
521 620 750 671 sapientum.
798 615 905 657 Flor.
937 615 1070 658 Guelf.
1105 616 1226 659 Amb.
1257 624 1297 660 2.
1327 621 1564 674 sapientium.

215 686 404 739 veneficii.
452 681 574 725 Amb.
594 690 633 725 2.
660 686 831 739 venefici.
925 684 1032 724 dicat
1056 685 1244 727 adultera.
1290 685 1413 727 Amb.
1445 691 1483 727 1.
1518 687 1647 726 (licam

215 751 455 801 adulteram,
494 766 572 793 sec,
597 767 652 793 m.
684 755 798 793 inser.
825 755 878 793 in.
925 751 1030 792 Flor.
1052 753 1159 793 dicat
1181 756 1221 793 in
1240 753 1479 806 adulteram,
1518 757 1648 808 prima

213 835 356 861 manus
382 821 530 860 omittit
557 835 633 859 non
649 819 714 860 M.
809 819 1008 860 damnata.
1055 817 1177 862 Amb.
1203 826 1239 862 1.
1263 821 1494 861 damnanda.
1586 824 1648 860 vi-

211 887 362 926 deatur.
411 885 531 927 Goth.
557 886 683 927 Amb.
706 893 746 928 2.
767 887 930 928 videtur.
1024 886 1180 928 nulla-m.
1232 885 1350 928 Goth.
1374 887 1495 927 nulla.
1586 905 1646 926 re-

197 954 350 1013 fertae.
404 951 538 995 Guelf.
561 954 705 1011 referti.
754 953 863 995 Jens.
886 954 1006 998 Tarv.
1029 955 1206 1012 refectae.
1312 955 1415 996 libri.
1465 957 1583 996 Amb.
1603 961 1644 995 2.

211 1022 336 1063 liberi.
417 1021 514 1076 phil.
534 1024 601 1076 qui
620 1039 850 1079 quanquam.
895 1021 1003 1064 Flor.
1029 1038 1051 1063 a
1071 1039 1129 1076 pr.
1151 1038 1204 1065 m.
1237 1025 1382 1064 omittit
1399 1024 1473 1078 qui.
1555 1022 1646 1077 plu-

211 1092 334 1132 rimis.
386 1088 509 1131 Goth.
533 1088 671 1143 Camp.
687 1089 875 1144 pluribus.

323 1160 360 1211 §.
391 1158 477 1198 40..
517 1156 742 1210 Megareos.
789 1157 912 1197 Amb.
938 1162 975 1198 1.
1001 1163 1040 1198 2.
1070 1156 1174 1203 Flor.
1204 1160 1302 1197 item
1328 1159 1533 1210 megarius.

208 1225 419 1266 Salamine.
483 1222 604 1265 Goth.
639 1223 775 1279 Camp.
804 1224 1018 1265 Salamina.
1131 1224 1407 1266 contenderent.
1452 1223 1578 1264 Amb.
1603 1230 1641 1264 1.

205 1292 314 1334 Flor.
340 1291 476 1334 Guelf.
502 1291 624 1333 Bern.
647 1291 764 1333 Voss.
788 1297 825 1332 3.
850 1292 1101 1333 contenderet.
1211 1295 1347 1333 victos.
1392 1291 1498 1332 Flor.
1524 1307 1546 1331 a
1564 1307 1642 1332 sec.

205 1375 263 1400 m.
287 1358 421 1401 Guels.
443 1359 566 1399 Amb.
591 1365 631 1400 2.
661 1361 684 1398 J
687 1368 764 1400 ens'.
786 1362 922 1400 victus.
1018 1376 1142 1405 versu.
1191 1359 1326 1402 Turio.
1345 1375 1486 1399 versus.
1583 1376 1643 1398 re-

204 1429 366 1482 peritur.
415 1424 537 1466 Amb.
567 1431 603 1466 1.
633 1441 656 1464 a
682 1442 761 1466 sec.
795 1441 850 1468 m.
885 1429 1134 1481 repet-iunium
1179 1426 1305 1467 Aan.
1329 1433 1368 1468 2.
1393 1429 1586 1482 repetitur.

319 1495 355 1546 §.
386 1495 454 1533 41.
512 1491 626 1547 quale
650 1516 707 1524 —-
733 1496 862 1533 amici.
916 1491 1037 1534 Amb.
1068 1499 1105 1533 1.
1133 1511 1166 1532 ιι.
1194 1510 1220 1532 c.
1245 1510 1281 1546 q.
1313 1510 1377 1544 a.‚
1427 1509 1449 1532 a
1477 1509 1554 1533 sec.
1583 1508 1639 1532 m.

206 1561 380 1617 aequale.
434 1559 570 1600 Turic.
592 1560 766 1599 eundem
792 1561 996 1608 ordinem,
1035 1575 1156 1615 quem
1176 1558 1301 1599 Amb.
1329 1565 1364 1600 1.
1386 1558 1527 1611 haber,
1564 1562 1640 1598 nisi

204 1631 314 1685 quod
332 1627 486 1683 equale,
528 1629 594 1667 cui
618 1628 812 1666 accedunt
831 1626 937 1667 Flor.
964 1626 1103 1681 Camp.
1216 1627 1295 1665 Ubi
1313 1651 1368 1657 —
1389 1644 1485 1682 opes.
1538 1626 1637 1668 Obr.

203 1697 261 1736 ibi
288 1713 365 1736 am.
394 1695 463 1734 ubi
488 1711 551 1748 op.
659 1696 844 1734 maxime.
891 1693 958 1735 Sic
979 1697 1099 1734 etiam
1123 1692 1246 1734 Amb.
1269 1698 1305 1734 1.
1329 1692 1435 1734 Flor.
1460 1692 1580 1734 Amb.
1598 1700 1637 1734 2.

203 1763 294 1805 I'ar.
320 1768 357 1803 1.
378 1769 416 1803 2.
437 1767 474 1802 3.

317 1835 354 1884 §.
379 1831 446 1869 42.
505 1840 539 1868 et
562 1827 746 1883 equidem.
788 1826 922 1869 Guelf.
943 1827 1128 1883 equidem.
1215 1838 1268 1867 est
1290 1843 1343 1866 ex
1366 1845 1462 1882 resp.
1503 1825 1638 1869 Guelf.

204 1899 344 1952 Camp.
366 1900 554 1937 omittunt
573 1912 642 1935 ex.
726 1894 777 1934 ῙιΖ
795 1919 852 1927 -
867 1907 1006 1938 tamen.
1049 1894 1169 1938 Amb.
1186 1900 1222 1936 1.
1244 1894 1276 1935 F
1277 1897 1350 1935 lor.
1371 1896 1511 1935 itidem
1528 1896 1638 1934 idea-

204 1983 290 2006 rum
317 1976 373 2004 est
402 1980 477 2004 non
507 1966 587 2003 sine
605 1980 675 2002 usu
696 1974 833 2004 tamen.
882 1963 1009 2004 Amb.
1032 1970 1069 2005 2.
1090 1980 1169 2006 om.
1199 1964 1250 2003 Icl
1270 1981 1399 2003 rarum
1421 1974 1489 2003 cst.
1593 1962 1640 2001 de

202 2051 336 2088 arusp.
366 2050 464 2086 resp.
517 2030 651 2072 Guelf.
684 2046 763 2070 om.
796 2030 854 2071 cle.
907 2031 1046 2086 Camp.
1080 2048 1177 2087 resp.
1199 2049 1326 2087 arusp.
1439 2033 1636 2070 concione.

203 2101 343 2155 Camp.
375 2101 621 2140 contentione.
733 2114 819 2138 cum
840 2122 896 2128 —
927 2098 968 2139 C.
1026 2099 1131 2141 Flor.
1166 2103 1312 2140 omittit
1342 2115 1523 2146 causam,
1567 2098 1636 2136 sed

200 2186 280 2210 sec.
307 2183 448 2207 manus
480 2169 618 2207 inserit
640 2174 728 2220 post
754 2164 963 2207 meliorem.
1010 2166 1133 2207 Amb.
1155 2173 1192 2207 1.
1226 2184 1311 2206 cum
1343 2166 1385 2206 C.
1419 2164 1634 2213 Caesarem,

200 2238 271 2279 sed
289 2252 346 2275 em
366 2235 506 2285 adjecit
524 2250 601 2274 sec.
620 2249 675 2273 m.
779 2232 852 2272 Ῐιοο
879 2233 952 2272 Dii
972 2231 1057 2288 jud.
1106 2233 1243 2274 Turio.
1266 2233 1372 2274 Flor.
1397 2232 1470 2271 lzoc
1492 2231 1636 2284 dijudi-

202 2306 392 2345 caverint.
443 2299 578 2342 Guelfi
598 2300 715 2341 Voss.
737 2305 773 2340 1.
805 2300 879 2340 hoc
906 2296 1228 2354 dijudicaverunt.
1281 2300 1419 2354 Camp.
1443 2300 1515 2338 lzoc
1536 2299 1594 2337 dii
1609 2315 1633 2337 a

197 2372 479 2427 judicaverunt.
526 2367 650 2408 Amb.
672 2374 711 2408 2.
740 2367 813 2406 lzoc
832 2367 889 2406 Di
901 2364 988 2421 jud.
1026 2368 1132 2408 Jens.
1151 2377 1189 2407 et
1211 2369 1300 2408 edd.
1325 2378 1417 2408 ante
1434 2367 1533 2407 Ald.
1554 2366 1628 2404 Dii

201 2440 288 2480 hoc.
308 2438 390 2491 jud.
469 2439 634 2491 propria
656 2450 794 2476 causae
811 2446 910 2476 sunt.
947 2433 1231 2491 Tur10.priora
1244 2447 1343 2476 sunt.
1429 2450 1632 2473 arcessun-

199 2519 274 2546 ων.
322 2505 427 2546 Flor.
454 2513 708 2543 accesserunt.
765 2498 883 2542 Goth.
915 2499 1054 2556 Camp.
1088 2502 1195 2544 Jens.
1217 2513 1255 2543 et
1278 2502 1367 2542 edd.
1390 2511 1481 2542 ante
1505 2499 1630 2550 Gibs.‚

202 2590 286 2614 exc.
307 2572 432 2624 Sich.,
467 2581 730 2611 accersuntur.

315 2642 347 2693 §.
378 2642 443 2680 43.
503 2639 693 2691 contingit
718 2635 878 2690 judici&
931 2634 1054 2676 Amb.
1088 2643 1121 2677 1.
1150 2640 1310 2691 contigit
1351 2635 1444 2689 (sed
1467 2650 1542 2673 sec.
1571 2647 1627 2673 m.

205 2709 472 2762 superscripsit
491 2705 542 2760 n)
573 2716 611 2745 ut
625 2704 796 2759 judices,
835 2718 926 2744 cum
946 2703 1047 2744 Flor.
1078 2720 1099 2745 a
1132 2721 1190 2760 pr.
1222 2721 1276 2745 m.
1292 2735 1304 2757 ,
1342 2705 1419 2743 nisi
1438 2701 1544 2756 quod
1562 2700 1628 2739 hic
