1775 3091
473 260 526 299 ad
559 260 719 312 Quintil.
754 259 879 301 Iustis.
910 260 946 313 Ι,
978 265 1016 302 7.
1047 263 1084 311 §.
1119 264 1310 302 17—29.
1556 264 1607 301 53

172 374 302 428 (apud
331 374 467 429 Spald.
498 378 586 416 fort.
619 391 747 416 errore
777 383 930 430 typogr.
949 372 1092 433 facie)
1121 375 1228 416 Flor.
1249 373 1373 416 Amb.
1396 379 1434 415 1.
1465 373 1603 429 Camp.

172 443 284 483 Sich.
398 443 501 498 quod
539 455 570 482 ct
613 460 681 483 αι’.
741 453 774 482 ct
810 458 890 483 0111.
934 443 1070 484 Turio.
1110 443 1216 485 Flor.
1246 442 1370 484 Amb.
1395 447 1431 484 1.
1464 441 1602 497 Camp.

173 509 270 565 (qui
300 513 339 550 in
368 526 437 564 pro
469 528 522 551 cst·
552 511 712 568 habet).

283 579 318 630 §.
350 580 417 619 24.
478 579 602 634 [Sibe
635 580 739 633 apud
767 577 931 620 Livhun
950 578 1030 633 IX,
1054 586 1092 633 5,
1117 585 1166 621 10
1186 582 1228 620 in
1248 579 1336 621 cod.
1363 577 1469 620 Flor‚
1498 579 1601 633 legi-

171 654 257 697 tur,
299 646 390 685 vide
421 647 470 685 ad
501 662 593 685 eum
622 649 758 687 locum
786 646 1090 688 Drakenborch.
1131 646 1299 702 Spald.]

281 715 314 767 ξ.
346 717 413 754 25.
468 717 618 768 primus
645 713 769 755 Amb.
794 720 855 766 1.‚
909 726 953 755 ut
981 719 1107 756 voluit
1136 716 1272 770 Spald.

279 782 311 834 ᾗ.
343 785 410 822 26.
469 798 619 820 seruum
651 799 874 838 ceruumque
903 786 1021 822 etiam
1052 783 1190 837 Camp.
1246 799 1396 824 seruum
1425 797 1598 824 cer-uom-

167 864 238 902 que
253 846 376 888 Amb.
402 853 438 888 1.
499 866 647 888 ser-unm
665 867 894 906 cornumque
914 851 1020 892 Flor.
1133 852 1296 892 literam.
1316 851 1354 891 F
1366 853 1440 892 ins.
1458 850 1595 892 Turio.

166 913 273 955 Flor.
305 913 467 970 Camp.3
506 920 633 957 omitt.
665 921 784 956 etiam
812 918 935 958 Amb.
957 925 995 959 2.
1026 917 1114 960 Par.
1143 925 1181 960 1.
1202 925 1241 960 2.
1273 934 1296 958 a
1324 934 1382 973 pr.
1412 933 1467 959 m.
1500 923 1538 960 6.

278 983 313 1034 §.
345 988 412 1023 27.
467 988 676 1038 praeposui
704 985 839 1026 Turio.
879 985 1002 1026 Amb.
1035 990 1072 1026 1.
1103 985 1220 1027 VOSS.
1248 992 1288 1028 2.
1319 985 1457 1040 Camp.
1488 984 1595 1040 Gry-

165 1049 297 1103 phius.
412 1054 477 1106 qni
505 1063 538 1091 ct
570 1056 609 1091 oi
637 1052 773 1093 Turio.
805 1053 943 1105 Camp.
1001 1070 1037 1108 q.
1057 1065 1090 1093 et
1111 1072 1148 1094 u.
1179 1064 1213 1092 et
1237 1070 1274 1094 ο.
1296 1064 1330 1093 et
1351 1056 1378 1093 i.
1406 1052 1530 1093 Amb.
1555 1057 1593 1093 1.

249 1117 316 1157 illo
345 1121 412 1173 qui
440 1128 513 1158 cet.
571 1119 678 1159 Flor.
709 1123 786 1160 ita:
817 1119 886 1159 illo
915 1121 1005 1173 quoi
1032 1120 1327 1173 distingueretur
1363 1123 1441 1175 qui.
1498 1136 1594 1175 quae

164 1195 290 1223 iumen
318 1185 436 1224 scrib.

276 1253 313 1302 §.
345 1257 412 1293 28.
471 1264 638 1293 notatur.
696 1256 942 1310 significatur
980 1252 1117 1294 Turio.
1156 1252 1265 1295 Flor.
1294 1251 1414 1295 Bodl.
1442 1251 1589 1294 Baliol.

163 1318 286 1360 Amb.
309 1326 348 1360 2.
378 1319 496 1360 Voss.
520 1326 557 1361 1.
589 1320 711 1362 Goth.
744 1321 880 1376 Calnp.
914 1321 1012 1362 Obr.
1052 1324 1142 1361 fort.
1170 1320 1294 1361 Aan.
1319 1327 1356 1362 1.
1414 1323 1590 1374 signatur

163 1386 280 1427 Voss.
303 1393 341 1427 2.
366 1392 405 1427 3.
522 1387 644 1442 Gajas
672 1414 727 1420 -
763 1389 882 1444 Gajos
911 1389 1044 1429 Turio.
1074 1388 1181 1429 Flor.
1222 1387 1345 1429 Amb.
1369 1394 1408 1429 2.
1449 1387 1587 1440 Camp.

164 1454 265 1494 Obr.
297 1457 385 1494 forf.
415 1454 537 1496 Aan.
561 1462 598 1496 1.
711 1470 740 1510 j)
775 1461 900 1498 omitt.
932 1460 1050 1497 etiam
1079 1456 1214 1497 Turio.
1235 1456 1343 1497 Flor.
1372 1454 1462 1496 Par.
1489 1460 1527 1495 1.
1544 1460 1584 1496 2.

165 1528 200 1564 6,
234 1522 372 1577 Camp.
403 1522 503 1564 Obr.
534 1526 622 1563 fort.
652 1523 775 1564 Amb.
799 1530 836 1565 1.

273 1595 309 1645 §.
340 1596 407 1632 29.
466 1591 552 1631 Nec
582 1590 719 1632 Gneus.
778 1591 858 1631 5ch
882 1591 1005 1632 Gneus
1033 1591 1139 1632 Flor.
1169 1590 1293 1632 Ajnb.
1317 1596 1355 1631 1.
1386 1605 1407 1630 a
1427 1606 1503 1631 seo.
1526 1605 1580 1630 m.

161 1659 291 1713 (prius
309 1668 391 1699 erat
410 1658 475 1698 Set
488 1657 517 1712 >.
577 1658 662 1698 Sec.
687 1658 811 1699 Gneus
829 1659 964 1700 Turio.
1023 1659 1141 1699 Sccus
1164 1659 1237 1699 Gn.
1259 1657 1396 1713 Camp.
1457 1657 1583 1697 Gneus

161 1729 228 1767 dat
265 1730 383 1766 etiam
421 1725 544 1766 Aan.
576 1732 615 1766 2.
747 1744 843 1783 qnae
882 1744 964 1767 son.
1004 1726 1104 1768 Obr.
1146 1726 1260 1780 (fort.
1299 1741 1350 1765 ex
1383 1724 1580 1778 Asgent.)

159 1794 298 1836 Turio,
336 1793 444 1834 Flor.
483 1793 606 1833 Bern.
643 1796 734 1834 fort.
774 1794 898 1834 Amb.
934 1799 970 1835 1.
1084 1804 1117 1832 ct
1149 1793 1310 1835 column.
1340 1801 1415 1833 cet.
1471 1792 1580 1832 Flor.

159 1865 237 1902 sic:
279 1873 312 1901 et
342 1862 577 1901 clarissimos
607 1871 640 1898 ct
671 1860 842 1899 consules
866 1863 1061 1913 geminata
1100 1860 1230 1898 eadem
1263 1859 1392 1899 littera
1421 1859 1580 1912 legimus

160 1929 301 1983 (plane
330 1938 374 1968 ut
401 1928 536 1968 Turic.
566 1926 684 1967 BodJ.
713 1926 826 1966 Ahn.
856 1927 944 1967 Par.
969 1932 1028 1977 1.‚
1069 1930 1145 1965 nisi
1174 1927 1279 1981 quod
1307 1926 1374 1965 hic
1396 1928 1576 1977 subjicit:

161 2008 195 2036 ct
225 1995 372 2036 colurna
404 2006 581 2049 exempta
611 2012 634 2033 n
664 1994 775 2034 litera
804 1993 1030 2047 legimus.);
1083 1997 1275 2033 recentior
1302 2009 1442 2033 manus
1472 1993 1579 2033 dedjt

159 2067 204 2103 in
239 2066 440 2116 margine:
491 2073 523 2101 ct
563 2061 751 2101 columam
790 2071 968 2114 exempta
1000 2078 1025 2098 n
1054 2060 1166 2100 litera
1195 2071 1229 2099 et
1258 2061 1428 2100 consules
1453 2063 1578 2114 gemi-

159 2141 254 2170 nata
289 2147 309 2169 s
348 2130 476 2171 littera
516 2129 621 2169 Coss.
669 2128 826 2181 legimus
875 2127 943 2180 (ut
986 2128 1090 2167 edid.
1137 2126 1279 2168 Burm.
1320 2143 1412 2167 qun
1447 2127 1574 2182 aliis).

158 2199 283 2239 Amb.
306 2203 344 2237 1.
382 2200 460 2236 sic:
509 2207 543 2235 ct
580 2195 816 2235 clarissimos
854 2194 953 2247 (hoc
990 2208 1011 2233 a
1049 2210 1125 2234 sec.
1163 2209 1218 2235 m.
1247 2211 1363 2249 super
1389 2210 1575 2249 maguam

160 2269 403 2305 abrasionem
430 2267 603 2317 plurium
632 2261 801 2316 vocum)
831 2273 864 2300 et
895 2261 1065 2301 consules
1090 2264 1286 2314 geminata,
1314 2262 1443 2303 cadem
1462 2263 1574 2302 litera

161 2333 333 2385 legimus.
391 2329 464 2386 (In
493 2332 553 2370 his
583 2332 764 2369 omnibus
794 2332 845 2369 al.
873 2344 981 2367 man.
1014 2337 1164 2368 versata
1202 2329 1296 2383 est.)
1352 2328 1475 2369 Amb.
1505 2334 1571 2369 2.:

161 2412 195 2439 cr
225 2400 412 2440 columam
441 2410 474 2438 ct
504 2397 672 2437 consules
702 2407 880 2450 coecmpta
908 2414 933 2435 n
962 2395 1090 2434 littera>
1119 2395 1297 2448 legimus,
1328 2405 1372 2434 ut
1391 2395 1507 2435 Voss.
1531 2400 1570 2435 3.

160 2467 250 2509 Par.
283 2473 322 2507 2.
354 2472 391 2506 6.
432 2466 531 2520 (nisi
568 2465 672 2518 quod
702 2469 740 2503 2.
773 2462 987 2516 columna).
1045 2462 1162 2502 Voss.
1192 2479 1269 2503 sec.
1300 2473 1335 2501 et
1363 2461 1513 2502 column
1536 2473 1570 2500 ei

162 2551 261 2576 coss,
293 2544 470 2586 cst-cnvpta
498 2549 522 2570 η
552 2532 663 2570 litera
692 2531 860 2583 legimus.
919 2529 1081 2583 Camp.:
1115 2541 1149 2568 ει
1177 2530 1364 2569 columam
1393 2539 1572 2583 cmc-mpla

161 2620 184 2641 n
215 2613 247 2640 ci
278 2599 442 2641 cossulcs
465 2599 657 2652 geminata
686 2597 814 2637 euclem
844 2598 956 2637 litera
983 2597 1014 2636 S
1042 2596 1114 2650 leg.
1170 2596 1304 2637 Jens.:
1336 2608 1370 2635 et
1396 2597 1576 2636 columna-

164 2679 197 2707 et
227 2668 395 2708 consules
425 2677 601 2720 ‹ur-empta
631 2683 655 2704 η
683 2664 811 2704 littera,
840 2665 1017 2717 legimus,
1064 2678 1181 2718 quam
1209 2667 1303 2703 item
1332 2665 1416 2704 cod.
1446 2662 1568 2703 Bern.

165 2746 201 2775 et
231 2734 350 2776 Goth.
380 2737 607 2788 scripturam
636 2735 779 2786 recepit
808 2729 1015 2773 Gesnerus.
1075 2731 1300 2787 [Equidem
1319 2746 1399 2771 non
1421 2730 1567 2779 dubito,
