1775 3091
174 240 254 275 270
605 236 874 292 Supplemcnta
903 243 1162 281 annotationis

172 346 270 388 cti..
304 349 441 404 camp.
483 352 667 390 astricti&
781 354 1021 405 magistrum.
1080 354 1204 395 Ajnb.
1239 360 1276 395 1.
1311 357 1595 409 magistratum.

174 416 313 470 Camp.
337 435 434 472 resp.
454 435 554 470 mag.
566 447 576 464 ,
609 420 752 457 omisso
771 430 818 458 et.
905 419 1108 461 desierunt.
1155 421 1277 463 Goth.
1299 423 1494 478 deficiunt,
1511 439 1597 463 uon

171 483 417 539 deficiet-unt,
458 494 503 523 ut
527 482 648 525 Gesn.
671 496 825 536 narrat,
868 503 959 527 cum
977 488 1094 528 Voss.
1115 495 1155 530 2.

282 555 313 604 (5.
345 557 437 590 102.
494 552 673 607 sufficiet.
723 552 789 593 Sic
812 557 931 594 etiam
951 554 1076 597 Amb.
1101 562 1137 597 1.
1158 556 1263 597 Flor.
1285 556 1373 597 Par.
1396 563 1433 598 1.
1483 559 1595 614 suffi-

170 621 224 658 cit
242 619 350 658 Sich.
436 628 503 656 aut
520 634 545 657 a
561 637 663 673 pers.
712 618 845 662 Guelf.
870 638 948 663 om.
970 638 1006 662 α.
1087 635 1153 663 aut
1183 641 1208 663 a
1227 624 1349 664 rebus.
1398 624 1523 665 Aan.
1552 632 1594 666 2.

167 702 323 741 quoque
343 700 421 724 om.
444 702 482 725 a.
540 685 649 727 Jeus.
683 698 722 728 et
748 690 837 729 edd.
868 699 959 729 ante
990 689 1090 730 Bad.
1125 703 1191 730 aut
1211 708 1236 730 a
1256 693 1333 732 reb.
1361 703 1473 732 anta
1489 710 1595 747 pers.

253 751 569 793 antecedentibus.
616 754 723 795 Flor.
758 771 781 795 a
809 773 868 810 pr.
901 772 956 795 m.
987 759 1268 798 accedentibus.
1320 758 1451 800 Guelf.
1485 763 1594 799 acci-

165 822 269 860 dent.
381 822 630 874 sequentibus.
689 821 821 863 Guelf.
857 821 977 863 Goth.
1012 834 1050 864 et
1079 826 1168 865 edd.
1198 841 1311 866 meae
1338 842 1474 866 omues
1501 837 1594 866 ante

166 887 286 928 Gesn,
313 890 603 943 insequentibus.
704 890 906 931 trahenda.
958 890 1091 932 Turic.
1122 902 1160 932 et
1185 894 1277 932 fort.
1309 897 1429 933 etiam
1450 893 1589 947 Camp.

163 957 367 998 tradenda.
409 985 411 987 -
473 974 561 995 num
587 968 688 1011 prot.
735 956 860 998 Ajnb.
894 963 931 998 1.
963 958 1069 999 Flor.
1103 977 1215 998 unum
1240 971 1345 1014 prot.
1400 960 1525 1001 Amb.
1550 967 1593 1002 2.

161 1023 383 1066 Burmann.
406 1028 592 1080 sequitur.
678 1024 886 1064 ducendum
908 1028 972 1066 sit.
1012 1026 1079 1067 Sic
1096 1030 1214 1067 etiam
1230 1028 1317 1068 Par.
1335 1033 1372 1069 3.
1420 1027 1595 1069 ducenda

160 1109 193 1132 s.
225 1092 331 1133 Flor.
362 1091 488 1132 Amb.
507 1099 548 1134 2.
608 1091 771 1132 dicenda
791 1110 820 1131 s.
838 1093 945 1135 Flor.
970 1109 992 1134 a
1011 1110 1089 1135 sec.
1110 1110 1166 1136 m.
1220 1095 1419 1135 dicendum
1445 1113 1475 1135 ε.
1499 1095 1590 1139 Par.

163 1166 199 1200 1.
220 1167 260 1201 2.
350 1176 404 1199 esc
426 1161 498 1199 liis.
550 1159 691 1214 Cainp.
716 1177 770 1199 ear·
794 1163 858 1201 iis.

272 1232 308 1282 §.
339 1232 431 1268 103.
485 1244 613 1282 praes.
634 1245 718 1268 cum
733 1227 925 1282 plurimae
947 1227 1061 1283 prob.
1109 1227 1234 1269 Amb.
1266 1234 1303 1270 1.
1330 1248 1392 1285 pr.
1420 1230 1592 1286 plurima

158 1306 193 1334 et
220 1296 330 1350 prob.
438 1297 594 1349 inipso.
640 1294 766 1335 Amb.
792 1301 829 1335 1.
860 1295 996 1336 Turio.
1027 1312 1049 1335 a
1077 1312 1153 1336 sec.
1185 1312 1238 1336 m.
1271 1299 1394 1338 initio.
1451 1298 1589 1341 Tul-ic.

159 1379 183 1402 a
211 1379 271 1416 pr.
312 1378 368 1402 ln.
406 1365 536 1403 inilia..
652 1365 903 1417 reperiantur.
960 1363 1084 1404 Aan.
1120 1369 1156 1404 1.
1188 1364 1418 1419 repleantur.
1533 1369 1592 1407 ita

158 1430 279 1470 nulla.
338 1429 445 1468 Flor.
476 1432 534 1468 ita
569 1446 654 1469 cum
681 1434 731 1468 sit
763 1431 845 1468 alia
873 1430 949 1469 alie
968 1447 1004 1470 n.
1100 1448 1234 1485 eaeque
1255 1435 1346 1472 sint.
1402 1432 1526 1474 Aan.
1550 1439 1590 1476 1.

159 1501 280 1537 etiam
307 1512 425 1550 eaque
453 1507 552 1535 sunt.
620 1495 727 1536 Flor.
766 1514 811 1535 ea
841 1514 938 1551 quae
973 1507 1072 1536 sunt.
1130 1497 1280 1537 Cervic.
1322 1502 1441 1538 etiam
1474 1518 1590 1554 eoque

157 1575 258 1605 sunt.
368 1573 403 1602 et
427 1566 726 1618 potentissimae.
780 1562 902 1604 Amb.
927 1569 962 1604 1.
994 1575 1029 1603 et
1052 1568 1322 1619 potentissime.
1382 1565 1513 1608 Guelf.
1547 1579 1589 1608 ut

155 1633 366 1687 potissime.
451 1633 616 1671 minime.
655 1630 776 1671 Goth.
799 1635 991 1671 minimae.
1076 1632 1222 1673 obviae.
1260 1631 1381 1674 Amb.
1406 1640 1444 1676 1.
1466 1639 1587 1675 etiam

157 1700 293 1740 olivae.
345 1696 466 1738 Amb.
491 1705 530 1739 2.
551 1701 697 1738 ovzriac.
782 1702 880 1752 quia.
933 1698 1069 1739 Turic.
1091 1715 1201 1752 quae.
1298 1706 1513 1742 communia
1531 1728 1588 1735 —-

155 1777 257 1807 sunt.
302 1765 424 1806 Aan.
445 1772 483 1806 2.
516 1765 607 1805 Par.
635 1771 671 1806 1.
692 1772 731 1806 2.
757 1770 796 1805 3.
820 1766 1078 1805 communibus
1105 1783 1159 1806 ex
1178 1785 1311 1822 praec.
1327 1773 1491 1824 propria
1507 1773 1585 1812 inv.

154 1846 255 1875 sunt.
305 1832 443 1887 Camp.
475 1849 553 1873 om.
584 1836 814 1887 accepimus.

198 1896 200 1898 ¹
265 1903 302 1953 §-
335 1903 429 1941 104.
488 1917 541 1939 ex
563 1903 624 1940 iis.
673 1900 797 1941 Amb.
818 1906 855 1940 1.
885 1899 1020 1941 Turio.
1043 1899 1175 1942 Guelf.
1198 1902 1321 1945 Amb.
1339 1911 1376 1945 2.
1397 1903 1509 1946 Sich.
1530 1921 1585 1945 ex

155 1969 228 2010 his.
314 1972 409 2023 ipse.
464 1966 584 2009 Goth.
608 1967 748 2021 Camp.
768 1971 906 2020 ipsum.
993 1969 1169 2010 habebat.
1220 1969 1354 2012 Guelf.
1385 1971 1509 2012 Aan.
1542 1979 1583 2014 2.

154 2038 264 2078 Jens.
294 2036 417 2078 Tarv.
447 2036 600 2075 habeat.
706 2046 828 2075 contr.
860 2046 930 2075 est.
975 2035 1063 2076 Hoc
1088 2038 1225 2077 ordine
1255 2042 1374 2078 etiam
1394 2038 1519 2080 Amb.
1545 2045 1583 2081 1„

153 2105 262 2145 Flor.
365 2104 563 2143 servabas.
615 2102 682 2143 Sic
705 2105 823 2142 etiam
850 2102 973 2142 Aan.
990 2110 1029 2144 2.
1063 2103 1154 2144 Par.
1180 2110 1217 2145 1.
1241 2111 1278 2146 5.
1323 2105 1384 2145 At
1405 2105 1525 2145 Amb.
1547 2112 1582 2146 1.

153 2172 262 2212 Flor.
286 2188 308 2211 a
332 2188 391 2225 pr.
413 2187 468 2211 m.
500 2172 700 2221 servabat,
748 2168 856 2208 Flor.
887 2185 910 2208 a
928 2186 1005 2211 sec.
1027 2187 1083 2211 m.
1106 2173 1278 2211 servabis
1310 2188 1403 2212 cum
1429 2172 1518 2214 Par.
1537 2179 1580 2214 2.

155 2239 306 2280 Cervic.
335 2238 445 2279 Sich.
470 2238 599 2280 Colin.
686 2248 722 2276 te
743 2237 914 2277 dimisso.
961 2237 1028 2278 Sic
1050 2241 1170 2278 etiam
1192 2239 1297 2279 Flor.
1321 2254 1342 2278 a
1361 2255 1419 2292 pr.
1441 2255 1496 2280 m.
1511 2271 1522 2292 ‚
1559 2255 1584 2280 a

153 2323 232 2348 sec.
259 2323 312 2347 m.
342 2318 428 2346 ante
453 2307 545 2346 clim.
590 2305 714 2346 Amb.
738 2309 773 2345 1.
802 2316 837 2343 te
856 2305 1030 2346 demisso.
1085 2305 1209 2346 Aan.
1236 2312 1275 2346 2.
1300 2317 1387 2345 ante
1406 2306 1497 2347 dim.

155 2375 306 2415 licebat.
355 2374 422 2415 Sic
452 2377 571 2414 etiam
592 2373 719 2413 Amb.
753 2377 788 2412 1.
817 2378 857 2412 2.
884 2372 992 2412 Flor.
1021 2373 1111 2413 I‘ar.
1141 2378 1178 2412 1.
1210 2377 1248 2413 5.
1306 2373 1433 2412 licebit
1461 2378 1581 2415 etiam

156 2440 311 2482 Cel-vic.
337 2441 467 2483 Colin.
490 2441 603 2482 Sich.
688 2439 874 2481 occidere.
923 2439 990 2480 Sic
1013 2443 1131 2479 etiam
1153 2439 1278 2480 Aan.
1302 2446 1338 2480 1.
1361 2448 1399 2482 2.
1429 2440 1538 2483 Flor-

268 2512 302 2560 §.
333 2515 424 2550 105.
482 2512 522 2548 in
540 2527 627 2564 qua.
671 2507 793 2548 Amb.
816 2512 853 2546 1.
877 2505 1016 2561 Camp.
1040 2511 1204 2562 inquam.
1289 2525 1366 2563 qua
1387 2508 1471 2550 lex.
1510 2509 1579 2551 Sic

155 2580 273 2615 etiam
296 2576 418 2617 Aan.
438 2584 476 2618 2.
497 2577 585 2617 Par.
610 2582 645 2617 1.
669 2583 708 2618 2.
727 2581 763 2616 3.
845 2577 1071 2626 argentarii.
1121 2574 1225 2615 Flor.
1255 2590 1277 2614 a
1302 2591 1362 2629 pr.
1384 2591 1438 2616 m.
1459 2594 1578 2630 argu-

155 2647 354 2684 mentarii.>
429 2644 621 2684 debebant.
661 2643 782 2683 Amb.
809 2647 845 2681 1.
865 2640 972 2681 Flor.
995 2657 1016 2680 a
1034 2657 1093 2694 pr.
1113 2657 1167 2682 m.
1189 2645 1307 2682 etiam
1324 2642 1492 2682 clebeant.

155 2710 427 2761 Argentarius.
473 2710 597 2753 Abest
617 2715 736 2753 etiam
754 2709 874 2752 Amb.
895 2714 931 2750 2.
949 2708 1068 2750 Voss.
1086 2714 1173 2751 1.2.
1188 2714 1227 2751 3.
1317 2713 1421 2764 petit.
1465 2709 1573 2752 Flor-
