<?xml version="1.0" encoding="UTF-8"?>
<!DOCTYPE html PUBLIC "-//W3C//DTD XHTML 1.0 Transitional//EN"
    "http://www.w3.org/TR/xhtml1/DTD/xhtml1-transitional.dtd">
<html xmlns="http://www.w3.org/1999/xhtml" xml:lang="en" lang="en">
 <head>
  <title>
</title>
<meta http-equiv="Content-Type" content="text/html;charset=utf-8" />
  <meta name='ocr-system' content='tesseract 3.04.00' />
  <meta name='ocr-capabilities' content='ocr_page ocr_carea ocr_par ocr_line ocrx_word'/>
</head>
<body>
  <div class='ocr_page' id='page_1' title='image "./lexiconquintilia05bonnuoft_0157.png"; bbox 0 0 1775 3091; ppageno 0'>
   <div class='ocr_carea' id='block_1_1' title="bbox 368 271 1516 325">
    <p class='ocr_par' dir='ltr' id='par_1_1' title="bbox 368 271 1516 325">
     <span class='ocr_line' id='line_1_1' title="bbox 368 271 1516 325; baseline 0.005 -15"><span class='ocrx_word' id='word_1_1' title='bbox 368 271 421 311; x_wconf 72' lang='lat' dir='ltr'><strong>ad</strong></span> <span class='ocrx_word' id='word_1_2' title='bbox 452 271 612 325; x_wconf 72' lang='lat' dir='ltr'><strong>Quintil.</strong></span> <span class='ocrx_word' id='word_1_3' title='bbox 643 272 772 313; x_wconf 74' lang='lat' dir='ltr'><strong>Instit.</strong></span> <span class='ocrx_word' id='word_1_4' title='bbox 802 273 860 322; x_wconf 74' lang='lat' dir='ltr'><strong>II,</strong></span> <span class='ocrx_word' id='word_1_5' title='bbox 891 280 957 315; x_wconf 85' lang='lat'><strong>21.</strong></span> <span class='ocrx_word' id='word_1_6' title='bbox 991 275 1028 325; x_wconf 83' lang='lat'><strong>§.</strong></span> <span class='ocrx_word' id='word_1_7' title='bbox 1062 276 1231 315; x_wconf 83' lang='lat'><strong>6—24.</strong></span> <span class='ocrx_word' id='word_1_8' title='bbox 1439 282 1516 317; x_wconf 83' lang='lat'><strong>113</strong></span> 
     </span>
    </p>
   </div>
   <div class='ocr_carea' id='block_1_2' title="bbox 69 383 1513 1283">
    <p class='ocr_par' dir='ltr' id='par_1_2' title="bbox 81 383 1511 501">
     <span class='ocr_line' id='line_1_2' title="bbox 81 383 1511 442; baseline 0.004 -19"><span class='ocrx_word' id='word_1_9' title='bbox 81 384 188 424; x_wconf 88' lang='lat' dir='ltr'><strong>Flor.</strong></span> <span class='ocrx_word' id='word_1_10' title='bbox 219 383 343 425; x_wconf 86' lang='lat' dir='ltr'><strong>Amb.</strong></span> <span class='ocrx_word' id='word_1_11' title='bbox 361 391 400 426; x_wconf 86' lang='lat'><strong>2.</strong></span> <span class='ocrx_word' id='word_1_12' title='bbox 431 384 553 426; x_wconf 82' lang='lat' dir='ltr'><strong>Paris.</strong></span> <span class='ocrx_word' id='word_1_13' title='bbox 570 391 606 426; x_wconf 97' lang='grc'><strong>1.</strong></span> <span class='ocrx_word' id='word_1_14' title='bbox 619 392 642 426; x_wconf 85' lang='grc'>2</span> <span class='ocrx_word' id='word_1_15' title='bbox 650 387 710 426; x_wconf 86' lang='grc'><strong>.4.</strong></span> <span class='ocrx_word' id='word_1_16' title='bbox 728 385 908 441; x_wconf 86' lang='lat' dir='ltr'><strong>..Camp·</strong></span> <span class='ocrx_word' id='word_1_17' title='bbox 898 419 910 439; x_wconf 83' lang='grc'><strong>.,</strong></span> <span class='ocrx_word' id='word_1_18' title='bbox 931 397 1129 442; x_wconf 80' lang='lat' dir='ltr'>receptam</span> <span class='ocrx_word' id='word_1_19' title='bbox 1147 387 1367 428; x_wconf 80' lang='lat' dir='ltr'><strong>defendunt</strong></span> <span class='ocrx_word' id='word_1_20' title='bbox 1388 387 1511 432; x_wconf 83' lang='lat' dir='ltr'><strong>Amb.</strong></span> 
     </span>
     <span class='ocr_line' id='line_1_3' title="bbox 84 452 1301 501; baseline 0.009 -11"><span class='ocrx_word' id='word_1_21' title='bbox 84 457 122 491; x_wconf 88' lang='lat'><strong>1.</strong></span> <span class='ocrx_word' id='word_1_22' title='bbox 151 452 273 494; x_wconf 56' lang='lat' dir='ltr'>Pari&amp;</span> <span class='ocrx_word' id='word_1_23' title='bbox 297 458 334 494; x_wconf 88' lang='lat'><strong>3.</strong></span> <span class='ocrx_word' id='word_1_24' title='bbox 359 459 397 495; x_wconf 85' lang='lat'><strong>5.</strong></span> <span class='ocrx_word' id='word_1_25' title='bbox 1298 498 1301 501; x_wconf 74' lang='grc'><strong>,</strong></span> 
     </span>
    </p>

    <p class='ocr_par' dir='ltr' id='par_1_3' title="bbox 80 530 1513 641">
     <span class='ocr_line' id='line_1_4' title="bbox 195 530 1513 587; baseline 0.005 -19"><span class='ocrx_word' id='word_1_26' title='bbox 195 532 231 581; x_wconf 92' lang='lat'><strong>§.</strong></span> <span class='ocrx_word' id='word_1_27' title='bbox 267 536 331 573; x_wconf 87' lang='lat'><strong>15.</strong></span> <span class='ocrx_word' id='word_1_28' title='bbox 388 531 520 587; x_wconf 79' lang='lat' dir='ltr'><em>Neque</em></span> <span class='ocrx_word' id='word_1_29' title='bbox 545 533 656 571; x_wconf 82' lang='lat' dir='ltr'><strong>enim.</strong></span> <span class='ocrx_word' id='word_1_30' title='bbox 703 530 789 572; x_wconf 83' lang='lat' dir='ltr'><strong>Nec</strong></span> <span class='ocrx_word' id='word_1_31' title='bbox 817 548 876 573; x_wconf 82' lang='lat' dir='ltr'><strong>en.</strong></span> <span class='ocrx_word' id='word_1_32' title='bbox 909 530 1031 574; x_wconf 84' lang='lat' dir='ltr'><strong>Goth.</strong></span> <span class='ocrx_word' id='word_1_33' title='bbox 1062 549 1154 575; x_wconf 90' lang='lat' dir='ltr'><strong>cum</strong></span> <span class='ocrx_word' id='word_1_34' title='bbox 1182 534 1273 575; x_wconf 83' lang='lat' dir='ltr'><strong>edd.</strong></span> <span class='ocrx_word' id='word_1_35' title='bbox 1303 543 1397 576; x_wconf 84' lang='lat' dir='ltr'><strong>vett.</strong></span> <span class='ocrx_word' id='word_1_36' title='bbox 1420 543 1513 575; x_wconf 68' lang='lat' dir='ltr'><strong>621oe</strong></span> 
     </span>
     <span class='ocr_line' id='line_1_5' title="bbox 80 596 1408 641; baseline 0.005 -3"><span class='ocrx_word' id='word_1_37' title='bbox 80 596 190 639; x_wconf 80' lang='lat' dir='ltr'><strong>Sich.</strong></span> <span class='ocrx_word' id='word_1_38' title='bbox 304 597 440 640; x_wconf 70' lang='lat' dir='ltr'><em>dicct?</em></span> <span class='ocrx_word' id='word_1_39' title='bbox 491 599 585 639; x_wconf 75' lang='lat' dir='ltr'><em>dicit</em></span> <span class='ocrx_word' id='word_1_40' title='bbox 614 597 738 640; x_wconf 84' lang='lat' dir='ltr'><strong>Amb.</strong></span> <span class='ocrx_word' id='word_1_41' title='bbox 763 605 802 641; x_wconf 86' lang='lat'><strong>1.</strong></span> <span class='ocrx_word' id='word_1_42' title='bbox 1405 623 1408 626; x_wconf 55' lang='lat'><strong>⁴</strong></span> 
     </span>
    </p>

    <p class='ocr_par' dir='ltr' id='par_1_4' title="bbox 71 676 1511 1119">
     <span class='ocr_line' id='line_1_6' title="bbox 191 676 1511 733; baseline 0.006 -17"><span class='ocrx_word' id='word_1_43' title='bbox 191 680 227 729; x_wconf 88' lang='lat'><strong>§.</strong></span> <span class='ocrx_word' id='word_1_44' title='bbox 259 681 323 717; x_wconf 89' lang='lat'><strong>16.</strong></span> <span class='ocrx_word' id='word_1_45' title='bbox 382 694 457 717; x_wconf 77' lang='lat' dir='ltr'><strong>non</strong></span> <span class='ocrx_word' id='word_1_46' title='bbox 479 676 569 733; x_wconf 75' lang='lat' dir='ltr'><strong>fab.</strong></span> <span class='ocrx_word' id='word_1_47' title='bbox 599 688 665 717; x_wconf 81' lang='lat' dir='ltr'><strong>aut</strong></span> <span class='ocrx_word' id='word_1_48' title='bbox 702 681 823 717; x_wconf 76' lang='lat' dir='ltr'>etiam</span> <span class='ocrx_word' id='word_1_49' title='bbox 851 676 987 719; x_wconf 81' lang='lat' dir='ltr'><strong>Turio.</strong></span> <span class='ocrx_word' id='word_1_50' title='bbox 1015 676 1123 718; x_wconf 90' lang='lat' dir='ltr'><strong>Flor.</strong></span> <span class='ocrx_word' id='word_1_51' title='bbox 1153 678 1277 721; x_wconf 84' lang='lat' dir='ltr'><strong>Amb.</strong></span> <span class='ocrx_word' id='word_1_52' title='bbox 1307 687 1347 722; x_wconf 91' lang='lat'><strong>2.</strong></span> <span class='ocrx_word' id='word_1_53' title='bbox 1386 681 1511 725; x_wconf 71' lang='lat' dir='ltr'><strong>Paris.</strong></span> 
     </span>
     <span class='ocr_line' id='line_1_7' title="bbox 79 742 1509 800; baseline 0.007 -19"><span class='ocrx_word' id='word_1_54' title='bbox 79 746 117 781; x_wconf 83' lang='lat'><strong>1.</strong></span> <span class='ocrx_word' id='word_1_55' title='bbox 139 747 178 782; x_wconf 88' lang='lat'><strong>2.</strong></span> <span class='ocrx_word' id='word_1_56' title='bbox 200 748 238 783; x_wconf 85' lang='lat'><strong>3.</strong></span> <span class='ocrx_word' id='word_1_57' title='bbox 282 742 420 797; x_wconf 83' lang='lat' dir='ltr'><strong>Camp.</strong></span> <span class='ocrx_word' id='word_1_58' title='bbox 479 755 546 784; x_wconf 76' lang='lat' dir='ltr'><strong>ant</strong></span> <span class='ocrx_word' id='word_1_59' title='bbox 591 759 671 784; x_wconf 87' lang='lat' dir='ltr'><strong>om.</strong></span> <span class='ocrx_word' id='word_1_60' title='bbox 708 744 834 785; x_wconf 86' lang='lat' dir='ltr'><strong>Amb.</strong></span> <span class='ocrx_word' id='word_1_61' title='bbox 866 751 904 786; x_wconf 83' lang='lat'><strong>1.</strong></span> <span class='ocrx_word' id='word_1_62' title='bbox 1019 757 1228 800; x_wconf 82' lang='lat' dir='ltr'><strong><em>quaeratur</em></strong></span> <span class='ocrx_word' id='word_1_63' title='bbox 1254 751 1373 788; x_wconf 82' lang='lat' dir='ltr'>etiam</span> <span class='ocrx_word' id='word_1_64' title='bbox 1400 749 1509 791; x_wconf 81' lang='lat' dir='ltr'><strong>Flor.</strong></span> 
     </span>
     <span class='ocr_line' id='line_1_8' title="bbox 74 808 1508 865; baseline 0.007 -17"><span class='ocrx_word' id='word_1_65' title='bbox 74 808 199 850; x_wconf 78' lang='lat' dir='ltr'><strong>Amb.</strong></span> <span class='ocrx_word' id='word_1_66' title='bbox 222 815 259 851; x_wconf 84' lang='lat'><strong>1.</strong></span> <span class='ocrx_word' id='word_1_67' title='bbox 278 817 318 852; x_wconf 87' lang='lat'><strong>2.</strong></span> <span class='ocrx_word' id='word_1_68' title='bbox 347 810 470 851; x_wconf 82' lang='lat' dir='ltr'><strong>Paris.</strong></span> <span class='ocrx_word' id='word_1_69' title='bbox 492 816 530 851; x_wconf 87' lang='lat'><strong>1.</strong></span> <span class='ocrx_word' id='word_1_70' title='bbox 551 817 592 851; x_wconf 89' lang='lat'><strong>2.</strong></span> <span class='ocrx_word' id='word_1_71' title='bbox 617 816 656 852; x_wconf 87' lang='grc'><strong>3.</strong></span> <span class='ocrx_word' id='word_1_72' title='bbox 690 810 829 865; x_wconf 81' lang='lat' dir='ltr'><strong>Camp.</strong></span> <span class='ocrx_word' id='word_1_73' title='bbox 944 811 990 852; x_wconf 65' lang='lat' dir='ltr'><strong>cle</strong></span> <span class='ocrx_word' id='word_1_74' title='bbox 1019 829 1139 852; x_wconf 77' lang='lat' dir='ltr'><em>causa</em></span> <span class='ocrx_word' id='word_1_75' title='bbox 1167 831 1251 855; x_wconf 79' lang='lat' dir='ltr'><strong>sua.</strong></span> <span class='ocrx_word' id='word_1_76' title='bbox 1310 815 1357 857; x_wconf 74' lang='lat' dir='ltr'><strong>de</strong></span> <span class='ocrx_word' id='word_1_77' title='bbox 1377 833 1449 856; x_wconf 78' lang='lat' dir='ltr'><strong>sua</strong></span> <span class='ocrx_word' id='word_1_78' title='bbox 1471 834 1508 858; x_wconf 88' lang='lat' dir='ltr'><strong>c.</strong></span> 
     </span>
     <span class='ocr_line' id='line_1_9' title="bbox 73 875 1508 934; baseline 0.006 -17"><span class='ocrx_word' id='word_1_79' title='bbox 73 875 182 918; x_wconf 84' lang='lat' dir='ltr'><strong>Flor.</strong></span> <span class='ocrx_word' id='word_1_80' title='bbox 217 879 221 884; x_wconf 77' lang='grc'><strong>’</strong></span> <span class='ocrx_word' id='word_1_81' title='bbox 295 881 361 932; x_wconf 82' lang='lat' dir='ltr'><strong>qui</strong></span> <span class='ocrx_word' id='word_1_82' title='bbox 386 877 511 919; x_wconf 83' lang='lat' dir='ltr'><strong>Amb.</strong></span> <span class='ocrx_word' id='word_1_83' title='bbox 540 883 577 917; x_wconf 89' lang='lat'><strong>1.</strong></span> <span class='ocrx_word' id='word_1_84' title='bbox 610 893 631 917; x_wconf 88' lang='lat' dir='ltr'>a</span> <span class='ocrx_word' id='word_1_85' title='bbox 648 894 708 931; x_wconf 89' lang='lat' dir='ltr'><strong>pr.</strong></span> <span class='ocrx_word' id='word_1_86' title='bbox 734 894 790 919; x_wconf 88' lang='lat' dir='ltr'><strong>m.</strong></span> <span class='ocrx_word' id='word_1_87' title='bbox 848 878 953 934; x_wconf 71' lang='lat' dir='ltr'><strong><em>quid,</em></strong></span> <span class='ocrx_word' id='word_1_88' title='bbox 985 895 1006 918; x_wconf 78' lang='lat' dir='ltr'>a</span> <span class='ocrx_word' id='word_1_89' title='bbox 1025 896 1102 921; x_wconf 87' lang='lat' dir='ltr'><strong>sec.</strong></span> <span class='ocrx_word' id='word_1_90' title='bbox 1122 884 1188 934; x_wconf 82' lang='lat' dir='ltr'><strong>qui</strong></span> <span class='ocrx_word' id='word_1_91' title='bbox 1207 881 1261 923; x_wconf 72' lang='lat' dir='ltr'><strong>id.</strong></span> <span class='ocrx_word' id='word_1_92' title='bbox 1374 888 1508 926; x_wconf 79' lang='lat' dir='ltr'><strong>nescit.</strong></span> 
     </span>
     <span class='ocr_line' id='line_1_10' title="bbox 72 943 1392 1000; baseline 0.008 -19"><span class='ocrx_word' id='word_1_93' title='bbox 72 947 210 983; x_wconf 71' lang='lat' dir='ltr'><strong>nesciet</strong></span> <span class='ocrx_word' id='word_1_94' title='bbox 239 943 346 986; x_wconf 92' lang='lat' dir='ltr'><strong>Flor.</strong></span> <span class='ocrx_word' id='word_1_95' title='bbox 377 944 501 984; x_wconf 79' lang='lat' dir='ltr'><strong>Amb.</strong></span> <span class='ocrx_word' id='word_1_96' title='bbox 526 950 564 985; x_wconf 84' lang='lat'><strong>1.</strong></span> <span class='ocrx_word' id='word_1_97' title='bbox 595 943 718 985; x_wconf 76' lang='lat' dir='ltr'><strong>Paris.</strong></span> <span class='ocrx_word' id='word_1_98' title='bbox 744 951 780 985; x_wconf 88' lang='lat'><strong>1.</strong></span> <span class='ocrx_word' id='word_1_99' title='bbox 810 944 919 986; x_wconf 88' lang='lat' dir='ltr'><strong>Jens.</strong></span> <span class='ocrx_word' id='word_1_100' title='bbox 951 956 989 986; x_wconf 87' lang='lat' dir='ltr'><strong>et</strong></span> <span class='ocrx_word' id='word_1_101' title='bbox 1016 957 1116 1000; x_wconf 72' lang='lat' dir='ltr'><strong>post.</strong></span> <span class='ocrx_word' id='word_1_102' title='bbox 1146 957 1236 988; x_wconf 78' lang='lat' dir='ltr'><strong>ante</strong></span> <span class='ocrx_word' id='word_1_103' title='bbox 1265 948 1392 991; x_wconf 77' lang='lat' dir='ltr'><strong>Stoer.</strong></span> 
     </span>
     <span class='ocr_line' id='line_1_11' title="bbox 72 1011 1510 1074; baseline 0.007 -25"><span class='ocrx_word' id='word_1_104' title='bbox 72 1011 173 1051; x_wconf 70' lang='lat' dir='ltr'><em>dicct</em></span> <span class='ocrx_word' id='word_1_105' title='bbox 212 1028 292 1053; x_wconf 88' lang='lat' dir='ltr'><strong>om.</strong></span> <span class='ocrx_word' id='word_1_106' title='bbox 332 1015 452 1051; x_wconf 80' lang='lat' dir='ltr'>etiam</span> <span class='ocrx_word' id='word_1_107' title='bbox 489 1012 597 1052; x_wconf 86' lang='lat' dir='ltr'><strong>Flor.</strong></span> <span class='ocrx_word' id='word_1_108' title='bbox 639 1011 763 1052; x_wconf 82' lang='lat' dir='ltr'><strong>Amb.</strong></span> <span class='ocrx_word' id='word_1_109' title='bbox 799 1018 837 1053; x_wconf 86' lang='lat'><strong>1.</strong></span> <span class='ocrx_word' id='word_1_110' title='bbox 876 1012 1000 1054; x_wconf 78' lang='lat' dir='ltr'><strong>Paris.</strong></span> <span class='ocrx_word' id='word_1_111' title='bbox 1022 1019 1060 1055; x_wconf 85' lang='lat'><strong>1.</strong></span> <span class='ocrx_word' id='word_1_112' title='bbox 1083 1020 1123 1055; x_wconf 84' lang='lat'><strong>2.</strong></span> <span class='ocrx_word' id='word_1_113' title='bbox 1149 1020 1188 1056; x_wconf 88' lang='grc'><strong>5.</strong></span> <span class='ocrx_word' id='word_1_114' title='bbox 1218 1015 1330 1058; x_wconf 86' lang='lat' dir='ltr'><strong>Sich.</strong></span> <span class='ocrx_word' id='word_1_115' title='bbox 1444 1022 1510 1074; x_wconf 78' lang='lat' dir='ltr'><strong>qui</strong></span> 
     </span>
     <span class='ocr_line' id='line_1_12' title="bbox 71 1078 657 1119; baseline 0.003 -2"><span class='ocrx_word' id='word_1_116' title='bbox 71 1094 153 1119; x_wconf 89' lang='lat' dir='ltr'><strong>om.</strong></span> <span class='ocrx_word' id='word_1_117' title='bbox 184 1083 302 1119; x_wconf 80' lang='lat' dir='ltr'>etiam</span> <span class='ocrx_word' id='word_1_118' title='bbox 331 1079 437 1119; x_wconf 87' lang='lat' dir='ltr'><strong>Flor.</strong></span> <span class='ocrx_word' id='word_1_119' title='bbox 467 1078 591 1119; x_wconf 77' lang='lat' dir='ltr'><strong>Amb.</strong></span> <span class='ocrx_word' id='word_1_120' title='bbox 617 1084 657 1119; x_wconf 88' lang='lat'><strong>2.</strong></span> 
     </span>
    </p>

    <p class='ocr_par' dir='ltr' id='par_1_5' title="bbox 69 1156 1504 1283">
     <span class='ocr_line' id='line_1_13' title="bbox 182 1156 1504 1212; baseline 0.002 -15"><span class='ocrx_word' id='word_1_121' title='bbox 182 1159 219 1210; x_wconf 85' lang='lat'><strong>§.</strong></span> <span class='ocrx_word' id='word_1_122' title='bbox 249 1163 314 1198; x_wconf 88' lang='lat'><strong>17.</strong></span> <span class='ocrx_word' id='word_1_123' title='bbox 373 1157 601 1197; x_wconf 69' lang='lat' dir='ltr'><strong><em>desiderarit</em></strong></span> <span class='ocrx_word' id='word_1_124' title='bbox 622 1156 756 1197; x_wconf 82' lang='lat' dir='ltr'><strong>Guelf.</strong></span> <span class='ocrx_word' id='word_1_125' title='bbox 871 1159 942 1196; x_wconf 79' lang='lat' dir='ltr'><em>erit</em></span> <span class='ocrx_word' id='word_1_126' title='bbox 960 1157 1124 1211; x_wconf 68' lang='lat' dir='ltr'><strong>quidem.</strong></span> <span class='ocrx_word' id='word_1_127' title='bbox 1173 1159 1278 1212; x_wconf 71' lang='lat' dir='ltr'><strong>quid.</strong></span> <span class='ocrx_word' id='word_1_128' title='bbox 1303 1178 1360 1202; x_wconf 72' lang='lat' dir='ltr'><strong>cr.</strong></span> <span class='ocrx_word' id='word_1_129' title='bbox 1377 1162 1504 1205; x_wconf 77' lang='lat' dir='ltr'><strong>Aan.</strong></span> 
     </span>
     <span class='ocr_line' id='line_1_14' title="bbox 69 1221 1431 1283; baseline 0.006 -22"><span class='ocrx_word' id='word_1_130' title='bbox 69 1230 108 1265; x_wconf 80' lang='lat'><strong>1.</strong></span> <span class='ocrx_word' id='word_1_131' title='bbox 223 1223 410 1277; x_wconf 70' lang='lat' dir='ltr'><em>deligavit</em></span> <span class='ocrx_word' id='word_1_132' title='bbox 441 1228 561 1264; x_wconf 69' lang='lat' dir='ltr'>etiam</span> <span class='ocrx_word' id='word_1_133' title='bbox 591 1222 698 1265; x_wconf 87' lang='lat' dir='ltr'><strong>Flor.</strong></span> <span class='ocrx_word' id='word_1_134' title='bbox 729 1221 855 1264; x_wconf 85' lang='lat' dir='ltr'><strong>Amb.</strong></span> <span class='ocrx_word' id='word_1_135' title='bbox 874 1230 914 1264; x_wconf 87' lang='lat'><strong>2.</strong></span> <span class='ocrx_word' id='word_1_136' title='bbox 946 1223 1070 1264; x_wconf 81' lang='lat' dir='ltr'><strong>Paris.</strong></span> <span class='ocrx_word' id='word_1_137' title='bbox 1099 1230 1136 1264; x_wconf 86' lang='lat'><strong>1.</strong></span> <span class='ocrx_word' id='word_1_138' title='bbox 1156 1231 1195 1266; x_wconf 88' lang='grc'><strong>2.</strong></span> <span class='ocrx_word' id='word_1_139' title='bbox 1219 1231 1259 1268; x_wconf 87' lang='grc'><strong>5.</strong></span> <span class='ocrx_word' id='word_1_140' title='bbox 1293 1227 1431 1283; x_wconf 80' lang='lat' dir='ltr'><strong>Camp.</strong></span> 
     </span>
    </p>
   </div>
   <div class='ocr_carea' id='block_1_3' title="bbox 63 1307 1503 1418">
    <p class='ocr_par' dir='ltr' id='par_1_6' title="bbox 63 1307 1503 1418">
     <span class='ocr_line' id='line_1_15' title="bbox 177 1307 1503 1364; baseline -0.001 -22"><span class='ocrx_word' id='word_1_141' title='bbox 177 1307 214 1356; x_wconf 87' lang='lat'><strong>§.</strong></span> <span class='ocrx_word' id='word_1_142' title='bbox 247 1307 312 1344; x_wconf 86' lang='lat'><strong>18.</strong></span> <span class='ocrx_word' id='word_1_143' title='bbox 369 1319 438 1342; x_wconf 79' lang='lat' dir='ltr'><strong>nec</strong></span> <span class='ocrx_word' id='word_1_144' title='bbox 475 1327 532 1334; x_wconf 94' lang='lat'><strong>—</strong></span> <span class='ocrx_word' id='word_1_145' title='bbox 569 1318 639 1342; x_wconf 82' lang='lat' dir='ltr'><strong>nec</strong></span> <span class='ocrx_word' id='word_1_146' title='bbox 674 1325 731 1332; x_wconf 83' lang='lat'><strong>——</strong></span> <span class='ocrx_word' id='word_1_147' title='bbox 770 1317 850 1342; x_wconf 77' lang='lat' dir='ltr'><strong>nec.</strong></span> <span class='ocrx_word' id='word_1_148' title='bbox 920 1318 1036 1356; x_wconf 78' lang='lat' dir='ltr'><strong><em>mque</em></strong></span> <span class='ocrx_word' id='word_1_149' title='bbox 1068 1327 1124 1334; x_wconf 90' lang='lat'><em>··—-</em></span> <span class='ocrx_word' id='word_1_150' title='bbox 1160 1320 1276 1358; x_wconf 78' lang='lat' dir='ltr'><strong><em>neque</em></strong></span> <span class='ocrx_word' id='word_1_151' title='bbox 1302 1331 1358 1338; x_wconf 86' lang='lat'><strong>—-</strong></span> <span class='ocrx_word' id='word_1_152' title='bbox 1387 1325 1503 1364; x_wconf 57' lang='lat' dir='ltr'><strong><em>neque</em></strong></span> 
     </span>
     <span class='ocr_line' id='line_1_16' title="bbox 63 1369 1499 1418; baseline 0.002 -7"><span class='ocrx_word' id='word_1_153' title='bbox 63 1370 200 1411; x_wconf 82' lang='lat' dir='ltr'><strong>Turic.</strong></span> <span class='ocrx_word' id='word_1_154' title='bbox 229 1370 336 1410; x_wconf 86' lang='lat' dir='ltr'><strong>Flor.</strong></span> <span class='ocrx_word' id='word_1_155' title='bbox 367 1369 490 1410; x_wconf 80' lang='lat' dir='ltr'><strong>Amb.</strong></span> <span class='ocrx_word' id='word_1_156' title='bbox 518 1376 556 1411; x_wconf 86' lang='lat'><strong>1.</strong></span> <span class='ocrx_word' id='word_1_157' title='bbox 589 1370 722 1412; x_wconf 85' lang='lat' dir='ltr'><strong>Guelf.</strong></span> <span class='ocrx_word' id='word_1_158' title='bbox 843 1369 1022 1410; x_wconf 80' lang='lat' dir='ltr'><em>Ostiensi.</em></span> <span class='ocrx_word' id='word_1_159' title='bbox 1069 1370 1189 1411; x_wconf 76' lang='lat' dir='ltr'><strong>Host.</strong></span> <span class='ocrx_word' id='word_1_160' title='bbox 1217 1370 1339 1415; x_wconf 78' lang='lat' dir='ltr'><strong>Goth.</strong></span> <span class='ocrx_word' id='word_1_161' title='bbox 1364 1373 1499 1418; x_wconf 82' lang='lat' dir='ltr'><strong>Guelf.</strong></span> 
     </span>
    </p>
   </div>
   <div class='ocr_carea' id='block_1_4' title="bbox 61 1437 1497 1491">
    <p class='ocr_par' dir='ltr' id='par_1_7' title="bbox 61 1437 1497 1491">
     <span class='ocr_line' id='line_1_17' title="bbox 61 1437 1497 1491; baseline 0.005 -14"><span class='ocrx_word' id='word_1_162' title='bbox 61 1447 100 1478; x_wconf 86' lang='lat' dir='ltr'><strong>et</strong></span> <span class='ocrx_word' id='word_1_163' title='bbox 132 1439 222 1478; x_wconf 82' lang='lat' dir='ltr'><strong>edd.</strong></span> <span class='ocrx_word' id='word_1_164' title='bbox 253 1453 390 1477; x_wconf 82' lang='lat' dir='ltr'>omnes</span> <span class='ocrx_word' id='word_1_165' title='bbox 421 1447 512 1477; x_wconf 71' lang='lat' dir='ltr'>ante</span> <span class='ocrx_word' id='word_1_166' title='bbox 540 1437 682 1480; x_wconf 86' lang='lat' dir='ltr'><strong>Burm.</strong></span> <span class='ocrx_word' id='word_1_167' title='bbox 746 1438 900 1478; x_wconf 64' lang='lat' dir='ltr'><em>Osa-nsi</em></span> <span class='ocrx_word' id='word_1_168' title='bbox 928 1437 1063 1477; x_wconf 84' lang='lat' dir='ltr'><strong>Turio.</strong></span> <span class='ocrx_word' id='word_1_169' title='bbox 1095 1452 1117 1476; x_wconf 84' lang='lat' dir='ltr'>a</span> <span class='ocrx_word' id='word_1_170' title='bbox 1139 1453 1198 1491; x_wconf 78' lang='lat' dir='ltr'><strong>pr.</strong></span> <span class='ocrx_word' id='word_1_171' title='bbox 1220 1454 1276 1480; x_wconf 89' lang='lat' dir='ltr'><strong>m.</strong></span> <span class='ocrx_word' id='word_1_172' title='bbox 1306 1441 1431 1483; x_wconf 82' lang='lat' dir='ltr'><strong>Amb.</strong></span> <span class='ocrx_word' id='word_1_173' title='bbox 1458 1450 1497 1484; x_wconf 87' lang='grc'><strong>1.</strong></span> 
     </span>
    </p>
   </div>
   <div class='ocr_carea' id='block_1_5' title="bbox 59 1514 1495 1707">
    <p class='ocr_par' dir='ltr' id='par_1_8' title="bbox 59 1514 1495 1707">
     <span class='ocr_line' id='line_1_18' title="bbox 173 1514 1495 1576; baseline 0.005 -21"><span class='ocrx_word' id='word_1_174' title='bbox 173 1516 211 1566; x_wconf 89' lang='lat'><strong>§.</strong></span> <span class='ocrx_word' id='word_1_175' title='bbox 245 1521 309 1556; x_wconf 82' lang='lat'><strong>19.</strong></span> <span class='ocrx_word' id='word_1_176' title='bbox 370 1516 657 1556; x_wconf 76' lang='lat' dir='ltr'><em>conversabitur</em></span> <span class='ocrx_word' id='word_1_177' title='bbox 678 1520 798 1558; x_wconf 74' lang='lat' dir='ltr'>etiam</span> <span class='ocrx_word' id='word_1_178' title='bbox 817 1516 848 1558; x_wconf 89' lang='lat' dir='ltr'>F</span> <span class='ocrx_word' id='word_1_179' title='bbox 850 1521 924 1557; x_wconf 85' lang='lat' dir='ltr'><strong>lor.</strong></span> <span class='ocrx_word' id='word_1_180' title='bbox 943 1514 1069 1556; x_wconf 88' lang='lat' dir='ltr'><strong>Amb.</strong></span> <span class='ocrx_word' id='word_1_181' title='bbox 1088 1522 1127 1556; x_wconf 89' lang='lat'><strong>2.</strong></span> <span class='ocrx_word' id='word_1_182' title='bbox 1147 1515 1270 1558; x_wconf 79' lang='lat' dir='ltr'><strong>Paris.</strong></span> <span class='ocrx_word' id='word_1_183' title='bbox 1296 1524 1333 1560; x_wconf 86' lang='lat'><strong>1.</strong></span> <span class='ocrx_word' id='word_1_184' title='bbox 1355 1519 1495 1576; x_wconf 83' lang='lat' dir='ltr'><strong>Camp.</strong></span> 
     </span>
     <span class='ocr_line' id='line_1_19' title="bbox 142 1582 1494 1643; baseline 0.007 -23"><span class='ocrx_word' id='word_1_185' title='bbox 142 1583 328 1623; x_wconf 71' lang='lat' dir='ltr'><strong>dicamus.</strong></span> <span class='ocrx_word' id='word_1_186' title='bbox 390 1582 518 1622; x_wconf 76' lang='lat' dir='ltr'><em>dicam</em></span> <span class='ocrx_word' id='word_1_187' title='bbox 546 1583 671 1626; x_wconf 77' lang='lat' dir='ltr'><strong>Aan.</strong></span> <span class='ocrx_word' id='word_1_188' title='bbox 700 1590 739 1625; x_wconf 89' lang='lat'><strong>1.</strong></span> <span class='ocrx_word' id='word_1_189' title='bbox 841 1584 938 1641; x_wconf 73' lang='lat' dir='ltr'><strong>fire</strong></span> <span class='ocrx_word' id='word_1_190' title='bbox 969 1600 1083 1638; x_wconf 79' lang='lat' dir='ltr'><em>posse</em></span> <span class='ocrx_word' id='word_1_191' title='bbox 1112 1584 1242 1625; x_wconf 76' lang='lat' dir='ltr'><strong>credo.</strong></span> <span class='ocrx_word' id='word_1_192' title='bbox 1286 1586 1333 1643; x_wconf 67' lang='lat' dir='ltr'><strong>f.</strong></span> <span class='ocrx_word' id='word_1_193' title='bbox 1366 1604 1422 1629; x_wconf 84' lang='lat' dir='ltr'><strong>cr.</strong></span> <span class='ocrx_word' id='word_1_194' title='bbox 1451 1607 1494 1643; x_wconf 83' lang='lat' dir='ltr'><strong>p.</strong></span> 
     </span>
     <span class='ocr_line' id='line_1_20' title="bbox 59 1648 642 1707; baseline 0.003 -17"><span class='ocrx_word' id='word_1_195' title='bbox 59 1648 183 1690; x_wconf 86' lang='lat' dir='ltr'><strong>Amb.</strong></span> <span class='ocrx_word' id='word_1_196' title='bbox 211 1655 248 1690; x_wconf 88' lang='lat'><strong>1.</strong></span> <span class='ocrx_word' id='word_1_197' title='bbox 308 1666 363 1689; x_wconf 84' lang='lat' dir='ltr'><strong>cr.</strong></span> <span class='ocrx_word' id='word_1_198' title='bbox 390 1650 435 1707; x_wconf 89' lang='lat' dir='ltr'><em>f</em></span> <span class='ocrx_word' id='word_1_199' title='bbox 462 1668 504 1705; x_wconf 83' lang='lat' dir='ltr'><strong>p.</strong></span> <span class='ocrx_word' id='word_1_200' title='bbox 534 1650 642 1692; x_wconf 90' lang='lat' dir='ltr'><strong>Flor.</strong></span> 
     </span>
    </p>
   </div>
   <div class='ocr_carea' id='block_1_6' title="bbox 57 1728 1494 1850">
    <p class='ocr_par' dir='ltr' id='par_1_9' title="bbox 57 1728 1494 1850">
     <span class='ocr_line' id='line_1_21' title="bbox 172 1728 1494 1787; baseline 0.005 -20"><span class='ocrx_word' id='word_1_201' title='bbox 172 1728 208 1778; x_wconf 87' lang='lat'><strong>§.</strong></span> <span class='ocrx_word' id='word_1_202' title='bbox 241 1734 308 1768; x_wconf 87' lang='lat'><strong>20.</strong></span> <span class='ocrx_word' id='word_1_203' title='bbox 373 1729 556 1783; x_wconf 79' lang='lat' dir='ltr'><strong>subjecta.</strong></span> <span class='ocrx_word' id='word_1_204' title='bbox 622 1730 701 1769; x_wconf 76' lang='lat' dir='ltr'><strong>Ita.</strong></span> <span class='ocrx_word' id='word_1_205' title='bbox 770 1729 875 1770; x_wconf 86' lang='lat' dir='ltr'><strong>Flor.</strong></span> <span class='ocrx_word' id='word_1_206' title='bbox 917 1732 1161 1782; x_wconf 68' lang='lat' dir='ltr'>interpungit</span> <span class='ocrx_word' id='word_1_207' title='bbox 1200 1731 1363 1772; x_wconf 82' lang='lat' dir='ltr'><strong>demum</strong></span> <span class='ocrx_word' id='word_1_208' title='bbox 1404 1744 1494 1787; x_wconf 89' lang='lat' dir='ltr'><strong>post</strong></span> 
     </span>
     <span class='ocr_line' id='line_1_22' title="bbox 57 1794 1490 1850; baseline 0.005 -16"><span class='ocrx_word' id='word_1_209' title='bbox 57 1798 127 1835; x_wconf 74' lang='lat' dir='ltr'><strong>ira.</strong></span> <span class='ocrx_word' id='word_1_210' title='bbox 242 1797 470 1849; x_wconf 70' lang='lat' dir='ltr'><strong>accepimuS.</strong></span> <span class='ocrx_word' id='word_1_211' title='bbox 530 1798 744 1850; x_wconf 73' lang='lat' dir='ltr'><em>accipimus</em></span> <span class='ocrx_word' id='word_1_212' title='bbox 773 1795 880 1837; x_wconf 82' lang='lat' dir='ltr'><strong>Flor.</strong></span> <span class='ocrx_word' id='word_1_213' title='bbox 922 1794 1057 1835; x_wconf 76' lang='lat' dir='ltr'><strong>Guelf.</strong></span> <span class='ocrx_word' id='word_1_214' title='bbox 1098 1795 1215 1836; x_wconf 89' lang='lat' dir='ltr'><strong>Voss.</strong></span> <span class='ocrx_word' id='word_1_215' title='bbox 1234 1803 1274 1837; x_wconf 87' lang='lat'><strong>2.</strong></span> <span class='ocrx_word' id='word_1_216' title='bbox 1296 1803 1335 1838; x_wconf 88' lang='lat'><strong>3.</strong></span> <span class='ocrx_word' id='word_1_217' title='bbox 1367 1798 1490 1841; x_wconf 80' lang='lat' dir='ltr'><strong>Goth.</strong></span> 
     </span>
    </p>
   </div>
   <div class='ocr_carea' id='block_1_7' title="bbox 53 1861 1490 2063">
    <p class='ocr_par' dir='ltr' id='par_1_10' title="bbox 53 1861 1490 2063">
     <span class='ocr_line' id='line_1_23' title="bbox 55 1861 247 1903; baseline -0.01 0"><span class='ocrx_word' id='word_1_218' title='bbox 55 1861 179 1903; x_wconf 77' lang='lat' dir='ltr'><strong>Amb.</strong></span> <span class='ocrx_word' id='word_1_219' title='bbox 207 1868 247 1903; x_wconf 90' lang='grc'><strong>2.</strong></span> 
     </span>
     <span class='ocr_line' id='line_1_24' title="bbox 168 1937 1490 1999; baseline 0.002 -19"><span class='ocrx_word' id='word_1_220' title='bbox 168 1941 204 1990; x_wconf 84' lang='lat'><strong>§.</strong></span> <span class='ocrx_word' id='word_1_221' title='bbox 237 1945 304 1980; x_wconf 82' lang='lat'><strong>21.</strong></span> <span class='ocrx_word' id='word_1_222' title='bbox 375 1939 422 1978; x_wconf 76' lang='grc' dir='ltr'><strong>ἆε·</strong></span> <span class='ocrx_word' id='word_1_223' title='bbox 458 1939 644 1980; x_wconf 80' lang='lat' dir='ltr'><strong>omnibus.</strong></span> <span class='ocrx_word' id='word_1_224' title='bbox 713 1940 759 1979; x_wconf 72' lang='lat' dir='ltr'><strong>de</strong></span> <span class='ocrx_word' id='word_1_225' title='bbox 795 1957 893 1980; x_wconf 81' lang='lat' dir='ltr'><strong>omn.</strong></span> <span class='ocrx_word' id='word_1_226' title='bbox 936 1939 1044 1978; x_wconf 78' lang='lat' dir='ltr'><em>rebus</em></span> <span class='ocrx_word' id='word_1_227' title='bbox 1087 1937 1214 1981; x_wconf 87' lang='lat' dir='ltr'><strong>Amb.</strong></span> <span class='ocrx_word' id='word_1_228' title='bbox 1252 1946 1290 1982; x_wconf 85' lang='lat'><strong>1.</strong></span> <span class='ocrx_word' id='word_1_229' title='bbox 1414 1961 1490 1999; x_wconf 77' lang='lat' dir='ltr'><strong>qua</strong></span> 
     </span>
     <span class='ocr_line' id='line_1_25' title="bbox 53 2005 957 2063; baseline -0.001 -17"><span class='ocrx_word' id='word_1_230' title='bbox 53 2010 220 2063; x_wconf 76' lang='lat' dir='ltr'><strong>quisque.</strong></span> <span class='ocrx_word' id='word_1_231' title='bbox 276 2023 371 2061; x_wconf 76' lang='lat' dir='ltr'><strong><em>quas</em></strong></span> <span class='ocrx_word' id='word_1_232' title='bbox 402 2024 437 2062; x_wconf 82' lang='lat' dir='ltr'><strong>q.</strong></span> <span class='ocrx_word' id='word_1_233' title='bbox 469 2007 604 2047; x_wconf 75' lang='lat' dir='ltr'><strong>Turio.</strong></span> <span class='ocrx_word' id='word_1_234' title='bbox 635 2022 658 2047; x_wconf 80' lang='lat' dir='ltr'>a</span> <span class='ocrx_word' id='word_1_235' title='bbox 677 2023 737 2061; x_wconf 86' lang='lat' dir='ltr'><strong>pr.</strong></span> <span class='ocrx_word' id='word_1_236' title='bbox 760 2023 814 2048; x_wconf 90' lang='lat' dir='ltr'><strong>m.</strong></span> <span class='ocrx_word' id='word_1_237' title='bbox 842 2005 957 2047; x_wconf 78' lang='lat' dir='ltr'><strong>Alm.</strong></span> 
     </span>
    </p>
   </div>
   <div class='ocr_carea' id='block_1_8' title="bbox 54 2083 1486 2206">
    <p class='ocr_par' dir='ltr' id='par_1_11' title="bbox 54 2083 1486 2206">
     <span class='ocr_line' id='line_1_26' title="bbox 166 2083 1486 2139; baseline 0.002 -14"><span class='ocrx_word' id='word_1_238' title='bbox 166 2086 202 2137; x_wconf 83' lang='lat'><strong>§.</strong></span> <span class='ocrx_word' id='word_1_239' title='bbox 234 2090 301 2125; x_wconf 85' lang='lat'><strong>22.</strong></span> <span class='ocrx_word' id='word_1_240' title='bbox 359 2087 395 2124; x_wconf 85' lang='lat' dir='ltr'><strong>si</strong></span> <span class='ocrx_word' id='word_1_241' title='bbox 423 2096 536 2139; x_wconf 76' lang='lat' dir='ltr'><em>negat</em></span> <span class='ocrx_word' id='word_1_242' title='bbox 566 2099 646 2124; x_wconf 89' lang='lat' dir='ltr'><strong>om.</strong></span> <span class='ocrx_word' id='word_1_243' title='bbox 671 2083 779 2125; x_wconf 87' lang='lat' dir='ltr'><strong>Flor.</strong></span> <span class='ocrx_word' id='word_1_244' title='bbox 802 2099 823 2122; x_wconf 81' lang='lat' dir='ltr'>a</span> <span class='ocrx_word' id='word_1_245' title='bbox 840 2098 899 2138; x_wconf 88' lang='lat' dir='ltr'><strong>pr.</strong></span> <span class='ocrx_word' id='word_1_246' title='bbox 922 2098 978 2125; x_wconf 90' lang='lat' dir='ltr'><strong>m.</strong></span> <span class='ocrx_word' id='word_1_247' title='bbox 1035 2088 1075 2123; x_wconf 78' lang='lat' dir='ltr'><strong>si</strong></span> <span class='ocrx_word' id='word_1_248' title='bbox 1095 2096 1201 2138; x_wconf 75' lang='lat' dir='ltr'><em>neget</em></span> <span class='ocrx_word' id='word_1_249' title='bbox 1220 2083 1341 2128; x_wconf 87' lang='lat' dir='ltr'><strong>Goth.</strong></span> <span class='ocrx_word' id='word_1_250' title='bbox 1364 2087 1486 2133; x_wconf 81' lang='lat' dir='ltr'><strong>Voss.</strong></span> 
     </span>
     <span class='ocr_line' id='line_1_27' title="bbox 54 2150 1485 2206; baseline 0.004 -15"><span class='ocrx_word' id='word_1_251' title='bbox 54 2158 77 2182; x_wconf 73' lang='lat'><strong>⁰</strong></span> <span class='ocrx_word' id='word_1_252' title='bbox 124 2167 216 2192; x_wconf 87' lang='lat' dir='ltr'><strong>cum</strong></span> <span class='ocrx_word' id='word_1_253' title='bbox 246 2150 384 2206; x_wconf 80' lang='lat' dir='ltr'><strong>Camp.</strong></span> <span class='ocrx_word' id='word_1_254' title='bbox 417 2162 455 2192; x_wconf 85' lang='lat' dir='ltr'><strong>et</strong></span> <span class='ocrx_word' id='word_1_255' title='bbox 482 2161 582 2205; x_wconf 82' lang='lat' dir='ltr'><strong>post.</strong></span> <span class='ocrx_word' id='word_1_256' title='bbox 614 2161 704 2191; x_wconf 79' lang='lat' dir='ltr'><strong>ante</strong></span> <span class='ocrx_word' id='word_1_257' title='bbox 733 2150 888 2203; x_wconf 87' lang='lat' dir='ltr'><strong>Colin.‚</strong></span> <span class='ocrx_word' id='word_1_258' title='bbox 938 2167 1023 2191; x_wconf 82' lang='lat' dir='ltr'><strong>exc.</strong></span> <span class='ocrx_word' id='word_1_259' title='bbox 1053 2150 1155 2192; x_wconf 82' lang='lat' dir='ltr'><strong>AJd.</strong></span> <span class='ocrx_word' id='word_1_260' title='bbox 1210 2165 1325 2206; x_wconf 71' lang='lat' dir='ltr'><em>negat</em></span> <span class='ocrx_word' id='word_1_261' title='bbox 1351 2164 1485 2197; x_wconf 65' lang='lat' dir='ltr'>tuetur</span> 
     </span>
    </p>
   </div>
   <div class='ocr_carea' id='block_1_9' title="bbox 52 2183 93 2193">
    <p class='ocr_par' dir='ltr' id='par_1_12' title="bbox 52 2183 93 2193">
     <span class='ocr_line' id='line_1_28' title="bbox 52 2183 93 2193; baseline -0.024 0"><span class='ocrx_word' id='word_1_262' title='bbox 52 2183 93 2193; x_wconf 64' lang='lat' dir='ltr'><strong>...ro</strong></span> 
     </span>
    </p>
   </div>
   <div class='ocr_carea' id='block_1_10' title="bbox 50 2216 1483 2263">
    <p class='ocr_par' dir='ltr' id='par_1_13' title="bbox 50 2216 1483 2263">
     <span class='ocr_line' id='line_1_29' title="bbox 50 2216 1483 2263; baseline 0.003 -4"><span class='ocrx_word' id='word_1_263' title='bbox 50 2219 157 2260; x_wconf 88' lang='lat' dir='ltr'><strong>Flor.</strong></span> <span class='ocrx_word' id='word_1_264' title='bbox 188 2233 210 2257; x_wconf 84' lang='lat' dir='ltr'>a</span> <span class='ocrx_word' id='word_1_265' title='bbox 238 2234 314 2259; x_wconf 81' lang='lat' dir='ltr'><strong>sec.</strong></span> <span class='ocrx_word' id='word_1_266' title='bbox 344 2235 400 2261; x_wconf 89' lang='lat' dir='ltr'><strong>m.</strong></span> <span class='ocrx_word' id='word_1_267' title='bbox 443 2235 535 2260; x_wconf 81' lang='lat' dir='ltr'><strong>mun</strong></span> <span class='ocrx_word' id='word_1_268' title='bbox 572 2216 706 2259; x_wconf 87' lang='lat' dir='ltr'><strong>Guelf.</strong></span> <span class='ocrx_word' id='word_1_269' title='bbox 828 2218 882 2258; x_wconf 70' lang='lat' dir='ltr'><strong>acl</strong></span> <span class='ocrx_word' id='word_1_270' title='bbox 921 2218 1146 2259; x_wconf 74' lang='lat' dir='ltr'><strong>rhetoricen.</strong></span> <span class='ocrx_word' id='word_1_271' title='bbox 1205 2220 1259 2258; x_wconf 77' lang='lat' dir='ltr'><strong>ad</strong></span> <span class='ocrx_word' id='word_1_272' title='bbox 1294 2221 1483 2263; x_wconf 75' lang='lat' dir='ltr'><strong><em>rhetorem</em></strong></span> 
     </span>
    </p>
   </div>
   <div class='ocr_carea' id='block_1_11' title="bbox 50 2285 1479 2407">
    <p class='ocr_par' dir='ltr' id='par_1_14' title="bbox 50 2285 1479 2407">
     <span class='ocr_line' id='line_1_30' title="bbox 50 2285 1479 2340; baseline 0.002 -13"><span class='ocrx_word' id='word_1_273' title='bbox 50 2285 176 2327; x_wconf 85' lang='lat' dir='ltr'><strong>Amb.</strong></span> <span class='ocrx_word' id='word_1_274' title='bbox 208 2290 246 2326; x_wconf 86' lang='lat'><strong>1.</strong></span> <span class='ocrx_word' id='word_1_275' title='bbox 282 2290 493 2339; x_wconf 79' lang='lat' dir='ltr'>posteriore</span> <span class='ocrx_word' id='word_1_276' title='bbox 529 2289 633 2327; x_wconf 85' lang='lat' dir='ltr'><strong>loco.</strong></span> <span class='ocrx_word' id='word_1_277' title='bbox 748 2288 788 2324; x_wconf 86' lang='lat' dir='ltr'><strong>in</strong></span> <span class='ocrx_word' id='word_1_278' title='bbox 816 2297 959 2340; x_wconf 76' lang='lat' dir='ltr'><strong>quaest.</strong></span> <span class='ocrx_word' id='word_1_279' title='bbox 1019 2289 1058 2324; x_wconf 80' lang='lat' dir='ltr'><strong>in</strong></span> <span class='ocrx_word' id='word_1_280' title='bbox 1086 2299 1165 2326; x_wconf 87' lang='lat'><strong>0111.</strong></span> <span class='ocrx_word' id='word_1_281' title='bbox 1196 2289 1314 2326; x_wconf 75' lang='lat' dir='ltr'>etiam</span> <span class='ocrx_word' id='word_1_282' title='bbox 1342 2288 1479 2330; x_wconf 84' lang='lat' dir='ltr'><strong>Turio.</strong></span> 
     </span>
     <span class='ocr_line' id='line_1_31' title="bbox 51 2351 1479 2407; baseline 0.003 -15"><span class='ocrx_word' id='word_1_283' title='bbox 51 2353 157 2394; x_wconf 83' lang='lat' dir='ltr'><strong>Flor.</strong></span> <span class='ocrx_word' id='word_1_284' title='bbox 187 2351 309 2393; x_wconf 83' lang='lat' dir='ltr'><strong>Paris.</strong></span> <span class='ocrx_word' id='word_1_285' title='bbox 340 2355 380 2394; x_wconf 89' lang='grc'><strong>4.</strong></span> <span class='ocrx_word' id='word_1_286' title='bbox 423 2353 562 2407; x_wconf 86' lang='lat' dir='ltr'><strong>Camp.</strong></span> <span class='ocrx_word' id='word_1_287' title='bbox 601 2355 693 2393; x_wconf 83' lang='lat' dir='ltr'><strong>fort.</strong></span> <span class='ocrx_word' id='word_1_288' title='bbox 732 2352 857 2392; x_wconf 88' lang='lat' dir='ltr'><strong>Amb.</strong></span> <span class='ocrx_word' id='word_1_289' title='bbox 889 2359 926 2393; x_wconf 89' lang='lat'><strong>1.</strong></span> <span class='ocrx_word' id='word_1_290' title='bbox 985 2351 1237 2405; x_wconf 82' lang='lat' dir='ltr'>Singularem</span> <span class='ocrx_word' id='word_1_291' title='bbox 1264 2368 1479 2396; x_wconf 79' lang='lat' dir='ltr'><strong>numerum</strong></span> 
     </span>
    </p>
   </div>
   <div class='ocr_carea' id='block_1_12' title="bbox 0 2417 1477 2527">
    <p class='ocr_par' dir='ltr' id='par_1_15' title="bbox 0 2417 1477 2527">
     <span class='ocr_line' id='line_1_32' title="bbox 0 2417 1477 2476; baseline 0.002 -16"><span class='ocrx_word' id='word_1_292' title='bbox 0 2467 1 2475; x_wconf 12' lang='grc' dir='ltr'>ἵ</span> <span class='ocrx_word' id='word_1_293' title='bbox 50 2419 271 2460; x_wconf 78' lang='lat' dir='ltr'><strong>defendunt</strong></span> <span class='ocrx_word' id='word_1_294' title='bbox 299 2417 435 2461; x_wconf 77' lang='lat' dir='ltr'><strong>Turio.</strong></span> <span class='ocrx_word' id='word_1_295' title='bbox 464 2420 571 2461; x_wconf 88' lang='lat' dir='ltr'><strong>Flor.</strong></span> <span class='ocrx_word' id='word_1_296' title='bbox 601 2419 725 2461; x_wconf 80' lang='lat' dir='ltr'><strong>Paris.</strong></span> <span class='ocrx_word' id='word_1_297' title='bbox 745 2425 783 2459; x_wconf 87' lang='lat'><strong>1.</strong></span> <span class='ocrx_word' id='word_1_298' title='bbox 808 2426 846 2460; x_wconf 87' lang='lat'><strong>5.</strong></span> <span class='ocrx_word' id='word_1_299' title='bbox 876 2423 968 2460; x_wconf 84' lang='lat' dir='ltr'><strong>fort.</strong></span> <span class='ocrx_word' id='word_1_300' title='bbox 997 2418 1122 2460; x_wconf 82' lang='lat' dir='ltr'><strong>Amb.</strong></span> <span class='ocrx_word' id='word_1_301' title='bbox 1156 2424 1220 2472; x_wconf 88' lang='lat'><strong>1.‚</strong></span> <span class='ocrx_word' id='word_1_302' title='bbox 1260 2431 1299 2461; x_wconf 86' lang='lat' dir='ltr'><strong>et</strong></span> <span class='ocrx_word' id='word_1_303' title='bbox 1326 2426 1477 2476; x_wconf 76' lang='lat' dir='ltr'><strong>primus</strong></span> 
     </span>
     <span class='ocr_line' id='line_1_33' title="bbox 0 2478 299 2527; baseline -0.003 0"><span class='ocrx_word' id='word_1_304' title='bbox 0 2478 1 2488; x_wconf 14' lang='grc' dir='ltr'>ἵ</span> <span class='ocrx_word' id='word_1_305' title='bbox 51 2488 158 2527; x_wconf 84' lang='lat' dir='ltr'><strong>dedit</strong></span> <span class='ocrx_word' id='word_1_306' title='bbox 189 2485 299 2526; x_wconf 86' lang='lat' dir='ltr'><strong>Sich.</strong></span> 
     </span>
    </p>
   </div>
   <div class='ocr_carea' id='block_1_13' title="bbox 160 2573 1142 2629">
    <p class='ocr_par' dir='ltr' id='par_1_16' title="bbox 160 2573 1142 2629">
     <span class='ocr_line' id='line_1_34' title="bbox 160 2573 1142 2629; baseline 0 -14"><span class='ocrx_word' id='word_1_307' title='bbox 160 2578 196 2629; x_wconf 89' lang='lat'><strong>§.</strong></span> <span class='ocrx_word' id='word_1_308' title='bbox 228 2579 295 2616; x_wconf 82' lang='lat'><strong>23.</strong></span> <span class='ocrx_word' id='word_1_309' title='bbox 355 2573 469 2615; x_wconf 74' lang='lat' dir='ltr'><strong>dclib.</strong></span> <span class='ocrx_word' id='word_1_310' title='bbox 502 2573 708 2616; x_wconf 72' lang='lat' dir='ltr'><strong>demonstr.</strong></span> <span class='ocrx_word' id='word_1_311' title='bbox 768 2574 864 2615; x_wconf 68' lang='lat' dir='ltr'><strong>Hem.</strong></span> <span class='ocrx_word' id='word_1_312' title='bbox 895 2574 970 2616; x_wconf 76' lang='lat' dir='ltr'><strong>dcl.</strong></span> <span class='ocrx_word' id='word_1_313' title='bbox 1003 2574 1142 2629; x_wconf 81' lang='lat' dir='ltr'><strong>Camp.</strong></span> 
     </span>
    </p>
   </div>
   <div class='ocr_carea' id='block_1_14' title="bbox 51 2663 1471 2787">
    <p class='ocr_par' dir='ltr' id='par_1_17' title="bbox 51 2663 1471 2787">
     <span class='ocr_line' id='line_1_35' title="bbox 160 2663 1471 2716; baseline 0.001 -12"><span class='ocrx_word' id='word_1_314' title='bbox 160 2665 197 2716; x_wconf 87' lang='lat'><strong>§.</strong></span> <span class='ocrx_word' id='word_1_315' title='bbox 228 2667 296 2705; x_wconf 86' lang='lat'><strong>24.</strong></span> <span class='ocrx_word' id='word_1_316' title='bbox 354 2667 469 2703; x_wconf 75' lang='lat' dir='ltr'><em>etiam</em></span> <span class='ocrx_word' id='word_1_317' title='bbox 496 2664 556 2705; x_wconf 75' lang='lat' dir='ltr'><strong>de.</strong></span> <span class='ocrx_word' id='word_1_318' title='bbox 611 2675 646 2703; x_wconf 83' lang='lat' dir='ltr'><strong>et</strong></span> <span class='ocrx_word' id='word_1_319' title='bbox 675 2664 721 2703; x_wconf 79' lang='lat' dir='ltr'><strong>de</strong></span> <span class='ocrx_word' id='word_1_320' title='bbox 747 2664 882 2706; x_wconf 78' lang='lat' dir='ltr'><strong>Turio.</strong></span> <span class='ocrx_word' id='word_1_321' title='bbox 911 2665 1017 2706; x_wconf 91' lang='lat' dir='ltr'><strong>Flor.</strong></span> <span class='ocrx_word' id='word_1_322' title='bbox 1056 2664 1171 2705; x_wconf 86' lang='lat' dir='ltr'><strong>Alm.</strong></span> <span class='ocrx_word' id='word_1_323' title='bbox 1209 2663 1334 2704; x_wconf 85' lang='lat' dir='ltr'><strong>Amb.</strong></span> <span class='ocrx_word' id='word_1_324' title='bbox 1366 2669 1403 2704; x_wconf 84' lang='lat'><strong>1.</strong></span> <span class='ocrx_word' id='word_1_325' title='bbox 1432 2670 1471 2705; x_wconf 89' lang='grc'><strong>2.</strong></span> 
     </span>
     <span class='ocr_line' id='line_1_36' title="bbox 51 2729 1471 2787; baseline 0 -16"><span class='ocrx_word' id='word_1_326' title='bbox 51 2729 185 2773; x_wconf 83' lang='lat' dir='ltr'><strong>Guelf.</strong></span> <span class='ocrx_word' id='word_1_327' title='bbox 229 2730 352 2774; x_wconf 78' lang='lat' dir='ltr'><strong>Goth.</strong></span> <span class='ocrx_word' id='word_1_328' title='bbox 393 2730 532 2787; x_wconf 77' lang='lat' dir='ltr'>Camp-</span> <span class='ocrx_word' id='word_1_329' title='bbox 601 2730 664 2773; x_wconf 83' lang='lat' dir='ltr'><strong>Cf.</strong></span> <span class='ocrx_word' id='word_1_330' title='bbox 693 2730 757 2786; x_wconf 88' lang='lat' dir='ltr'><strong>H,</strong></span> <span class='ocrx_word' id='word_1_331' title='bbox 790 2737 856 2786; x_wconf 85' lang='lat'><strong>16,</strong></span> <span class='ocrx_word' id='word_1_332' title='bbox 887 2738 926 2774; x_wconf 86' lang='grc'><strong>6.</strong></span> <span class='ocrx_word' id='word_1_333' title='bbox 1037 2743 1106 2774; x_wconf 81' lang='lat' dir='ltr'><strong>est.</strong></span> <span class='ocrx_word' id='word_1_334' title='bbox 1163 2731 1471 2771; x_wconf 68' lang='lat' dir='ltr'><strong><em>lustramentum·</em></strong></span> 
     </span>
    </p>
   </div>
   <div class='ocr_carea' id='block_1_15' title="bbox 95 2799 1021 2849">
    <p class='ocr_par' dir='ltr' id='par_1_18' title="bbox 95 2799 1021 2849">
     <span class='ocr_line' id='line_1_37' title="bbox 95 2799 1021 2849; baseline -0.005 -2"><span class='ocrx_word' id='word_1_335' title='bbox 95 2812 192 2846; x_wconf 85' lang='lat' dir='ltr'><strong>Tom.</strong></span> <span class='ocrx_word' id='word_1_336' title='bbox 220 2811 263 2849; x_wconf 91' lang='lat' dir='ltr'><strong>V.</strong></span> <span class='ocrx_word' id='word_1_337' title='bbox 980 2799 1021 2842; x_wconf 85' lang='lat' dir='ltr'>H</span> 
     </span>
    </p>
   </div>
  </div>
 </body>
</html>
