1804 3091
1472 237 1527 272 X!

90 354 168 380 usu
198 337 388 379 codicum
431 337 809 391 manuscriptorum
841 336 1063 378 distinctos
1100 336 1304 391 quosdam
1344 337 1528 386 ordines,

88 417 142 457 ad
171 430 276 472 quos
309 414 517 456 delectum
546 416 806 465 institueret,
855 429 949 456 cum
992 416 1113 470 quasi
1142 415 1298 470 gradus
1330 414 1531 468 deprava-

91 497 220 536 tionis
250 495 440 535 studiose
470 495 754 545 discerneret,
795 503 837 535 et
866 492 1036 535 fidelem
1067 492 1304 548 aliquorum
1333 495 1531 548 ignoran-

91 577 216 625 tiam,
267 586 484 629 quousque
514 571 688 623 liceret,
742 571 921 613 aliorum
960 571 1183 613 simulatae
1214 573 1383 613 sanitati
1412 586 1533 626 prae-

88 654 237 703 ferret,
267 661 309 693 et
338 651 382 692 id
404 659 549 706 ageret
577 653 766 702 omnino,
797 660 843 692 ut
873 651 1040 693 sublato
1069 650 1220 707 longae
1251 651 1533 706 possessionis

87 734 249 786 injusto
274 733 389 786 jure,
423 729 733 779 Quintilianum
763 731 816 772 ad
845 741 978 772 semet
1001 733 1139 786 ipsum
1160 737 1389 772 revocaret.
1447 727 1531 768 Sed

89 819 176 851 tota
203 810 306 851 haec
337 810 528 850 codicum
559 811 691 860 ratio,
739 810 790 850 de
823 824 904 865 qua
941 812 1146 865 imprimis
1177 809 1282 852 mihi
1310 806 1533 849 dicendum

87 903 182 930 esse
204 889 352 940 video,
383 887 659 929 clarissimam
676 903 787 929 nunc
806 887 945 928 lucem
970 890 1144 943 accipiet
1169 887 1342 944 prolatis
1353 885 1534 927 Ambro-

87 969 198 1008 siant
220 967 240 1007 I
268 966 538 1016 lectionibus,
570 968 691 1020 cujus
723 967 891 1022 quidem
922 968 1080 1008 codicis
1109 969 1237 1008 etiam
1263 964 1535 1021 Spaldingius

89 1048 282 1087 notitiam
310 1046 456 1087 habuit
485 1046 527 1086 et
556 1045 788 1086 bonitatem
818 1044 1084 1099 aliquatenus
1112 1055 1312 1100 expertus
1343 1054 1431 1096 est,
1460 1045 1535 1085 sed

88 1135 244 1180 quanta
269 1134 381 1165 essct
408 1125 677 1178 praestantia,
709 1125 874 1177 penitus
897 1138 1109 1178 nunquam
1132 1125 1329 1178 cognovit
1343 1124 1393 1177 '‘),
1425 1123 1536 1178 quod

88 1218 186 1244 eum
221 1218 306 1244 non
344 1212 466 1243 norat
503 1204 678 1242 nisiex
716 1201 924 1242 deteriore
963 1201 1079 1243 illius
1107 1212 1241 1258 parte.
1299 1200 1411 1243 Nam
1440 1215 1537 1241 cum

88 1282 203 1323 illins
241 1282 340 1323 libri
378 1281 484 1322 haec
513 1282 567 1322 sit
597 1280 815 1331 condicio,
866 1290 911 1322 ut
939 1280 1201 1336 reliquorum
1239 1281 1448 1322 bonorum
1487 1279 1537 1320 li-

91 1361 262 1403 brorum
291 1376 365 1417 per
395 1362 571 1401 virtutes
602 1374 735 1415 aeque
763 1374 812 1400 ac
841 1361 948 1400 vitia
977 1361 1064 1401 dux
1085 1361 1255 1416 quidam
1275 1375 1322 1401 ac
1344 1361 1538 1414 princeps

91 1443 172 1492 sit,
212 1443 367 1482 mirum
397 1448 461 1481 est
490 1440 630 1489 dictu,
681 1439 757 1480 sed
786 1453 932 1480 rerum
962 1449 1130 1490 tamen,
1180 1440 1373 1495 quodque
1412 1437 1537 1479 facile

90 1533 185 1561 sese
235 1520 400 1575 ingeret
449 1518 748 1574 peritioribus,
796 1519 973 1558 virtutes
1022 1517 1256 1559 clarissime
1306 1520 1352 1558 111
1391 1518 1538 1573 primis

88 1608 287 1654 quattuor
325 1597 448 1639 libris
486 1598 697 1648 eminere,
751 1598 858 1637 vitia
894 1598 940 1638 in
981 1597 1301 1653 posterioribus.
1365 1595 1413 1636 In
1451 1595 1538 1636 illis

89 1687 230 1717 autem
261 1686 346 1718 tam
376 1676 585 1732 singulari
614 1676 800 1717 bonitate
831 1684 918 1727 est,
963 1686 1033 1727 ut,
1084 1691 1166 1732 quo
1198 1677 1374 1731 quisque
1404 1677 1540 1730 magis

88 1755 141 1796 ab
172 1771 223 1796 eo
251 1757 469 1806 dissentit,
512 1769 562 1795 eo
592 1754 769 1794 inferior
799 1756 964 1794 censeri
994 1754 1170 1806 debeat,
1209 1756 1454 1811 possintque
1485 1754 1538 1795 ab

89 1849 140 1874 eo
168 1834 284 1875 velut
311 1835 466 1889 gradus
496 1834 664 1874 virtutis
693 1835 908 1873 constitui.

203 1991 313 2034 Nam
344 2006 400 2032 ex
429 1992 602 2042 eodem,
633 2006 715 2046 quo
744 1990 842 2041 ille,
881 1991 998 2031 fonte
1029 1988 1268 2041 fluxerunt,
1298 1991 1540 2046 faciuntque

94 2086 220 2113 unam
255 2072 446 2111 codicum
487 2072 606 2125 quasi
644 2069 848 2111 familiarii
887 2069 924 2110 T
928 2072 1134 2111 uricensis
1173 2078 1214 2110 et
1251 2069 1538 2120 Flore—minus,

91 2164 268 2206 quorum
296 2152 436 2190 varias
467 2148 672 2190 lectiones
703 2159 847 2190 nostra
867 2151 998 2190 editio
1029 2164 1142 2191 nunc
1161 2148 1331 2203 quidem
1350 2150 1539 2204 integras

89 2230 186 2279 dat,
215 2231 317 2269 item
347 2231 418 2284 qui
447 2230 600 2270 dicitur
628 2228 1056 2278 Almeloveenianus,
1087 2229 1207 2282 cujus
1237 2230 1340 2268 satis
1370 2242 1540 2268 accura—

92 2316 178 2348 tam
197 2307 465 2349 collationern
484 2307 754 2348 Burmannus
775 2309 920 2358 edidit,
943 2316 984 2348 et
1004 2307 1394 2362 Argentoratensis,
1416 2308 1538 2359 cujus

93 2401 172 2442 ope
214 2386 454 2428 Obrechtus
496 2385 807 2435 Quintilianum
846 2388 906 2428 ita
948 2387 1183 2437 recensuit,
1228 2394 1275 2426 ut
1315 2396 1367 2423 ea
1405 2383 1537 2423 editio

141 2599 174 2641 >
201 2601 331 2643 Reque
364 2600 604 2633 Buttmannus
650 2604 839 2645 cognovit,
884 2604 949 2646 qui
988 2599 1124 2634 librum
1159 2601 1207 2631 ita
1243 2599 1340 2642 justo
1383 2599 1539 2631 nriuoris

206 2659 429 2696 aestimaret,
475 2665 516 2690 ut
548 2660 584 2690 in
618 2656 691 2691 fine
725 2658 808 2691 libri
843 2658 914 2691 ΧΗ
951 2669 996 2692 ne
1031 2662 1329 2691 commemoraret
1367 2654 1535 2700 quidem·-

202 2720 236 2746 at
259 2720 299 2746 tu
324 2713 406 2747 vide
432 2717 470 2747 111
495 2715 764 2758 διιμμῑειιιευῐίε
