1775 3091
284 238 337 278 ad
364 239 525 293 Quintil.
552 239 684 281 Instit.
720 239 775 294 V,
808 246 845 283 9.
867 242 903 292 §.
927 246 1109 286 10—16.
1152 249 1216 286 10.
1243 246 1278 296 §.
1303 251 1340 287 1.
1358 253 1398 289 2.
1475 250 1562 292 249

127 351 317 406 [,‚Vulp.
349 351 492 394 Catuli.
526 358 573 394 61
607 369 726 394 carm.
759 359 825 406 16,
858 360 908 395 13
938 355 1038 395 male
1065 359 1200 397 virum.
1243 357 1367 400 Ovid.
1397 359 1488 402 Art.
1522 361 1555 412 I,

128 421 256 459 523.“
284 435 373 460 cum
387 420 547 474 Spald.]
623 425 658 460 si
680 424 742 461 cui
763 437 846 461 cum
865 424 964 475 sign.
1003 422 1124 464 Goth.
1137 423 1254 466 Voss.
1268 433 1307 467 2.
1328 427 1437 469 Jens.
1455 427 1554 471 Loc.

128 484 236 527 Ven.
275 491 376 527 sicut
415 499 539 528 autem
581 506 612 528 s.
672 488 811 543 Camp.
843 492 878 528 si
898 493 970 529 'cui
999 503 1122 531 autem
1151 509 1184 534 s,
1307 497 1368 534 sit.
1426 494 1559 539 Guelf.

122 556 187 607 fit.
301 571 321 593 e
351 556 486 606 caede,
525 559 592 597 ita.
648 555 775 596 Amb.
809 561 847 596 1.
880 572 1041 613 quoque
1070 559 1178 600 cedis
1205 563 1274 602 ita.
1329 562 1438 606 Flor.
1469 561 1570 605 cae-⁴

127 621 188 660 dis
225 622 310 663 lita.
1524 649 1526 651 ’

239 713 273 764 §.
305 715 371 753 15.
425 715 691 768 prognostica.
737 712 876 767 Camp.
897 713 1007 755 JenS.
1031 713 1127 758 ΑΜ.
1147 724 1388 773 pronostica.
1433 721 1557 767 Goth.

123 782 384 832 praenostica.
499 792 610 821 vento
640 781 758 822 rubet.
818 781 956 836 Camp.
983 785 1099 824 inser.
1129 802 1306 830 aurorae.
1397 795 1557 834 cornioe.

126 845 264 888 Turio.
306 863 328 887 a
357 864 416 902 pr.
447 865 502 890 m.
536 852 654 890 conis.
711 849 818 890 Flor.
851 866 872 890 a
902 867 962 904 pr.
991 866 1046 893 m.
1076 852 1201 895 Amb.
1234 861 1273 896 2.
1307 861 1446 900 cornis&
1561 855 1565 858 ’

239 939 273 989 §.
308 942 373 979 16.
432 942 467 978 si
494 950 548 981 ut.
602 939 710 982 Flor.
751 944 863 982 sicut.
976 953 1016 981 ut
1045 945 1095 981 sit
1124 944 1222 986 inde.
1276 944 1403 988 Amb.
1442 954 1478 989 1.
1517 963 1560 992 ut

127 1002 216 1042 inde
244 1007 304 1044 sit.
391 1019 592 1046 concentus
621 1008 732 1049 idem.
792 1009 932 1064 Camp.
953 1012 1070 1051 inser.
1102 1011 1212 1053 unde.
1298 1017 1412 1067 signa
1431 1019 1558 1058 etiam.

126 1069 236 1112 Jens.
269 1082 307 1113 et
339 1074 427 1115 edd.
462 1085 551 1115 ante
579 1074 757 1130 Gryph.,
793 1092 878 1117 exc.
905 1075 1025 1128 Sich„
1047 1088 1094 1118 et.
1114 1094 1144 1120 s,
1256 1091 1297 1119 ut
1319 1081 1388 1122 vel.
1433 1083 1557 1129 Amb.

130 1144 165 1179 1.
195 1150 231 1179 et
258 1139 331 1182 vel.
444 1145 643 1183 minorum.
700 1142 833 1184 Guelf.
863 1146 1029 1185 minora.

701 1266 867 1334 CAr.
925 1290 985 1332 X.

240 1401 276 1452 §.
310 1407 345 1441 1.
405 1399 689 1455 ἐνθυμήματα.
748 1401 876 1444 Amb.
907 1409 945 1444 1.
988 1401 1125 1457 Camp.
1167 1403 1450 1459 ἔνθ-ημηματα.

127 1464 427 1521 ἐπιχειρήματα.
486 1468 611 1510 Amb.
635 1474 670 1509 1.
700 1471 988 1525 epichiremata.
1047 1468 1169 1512 Amb.
1193 1479 1232 1513 2.
1263 1474 1561 1530 epkyciremaia.

213 1533 444 1584 ἀποδείξεις.
513 1536 638 1578 Amb.
683 1543 719 1578 1.
761 1535 893 1578 Guelf.
935 1538 1043 1579 Jens.
1085 1539 1286 1593 apodisriS.
1353 1542 1479 1585 Amb.
1520 1553 1561 1587 2.

127 1603 340 1658 apoclooeis.
454 1603 544 1644 illos
575 1615 630 1644 est
660 1605 808 1660 aliqua.
866 1605 974 1646 Jens.
1005 1615 1044 1645 et
1073 1608 1163 1647 edd.
1188 1609 1238 1648 ad
1257 1608 1409 1652 Cervic.
1435 1617 1560 1654 omitt.

127 1682 177 1712 et.
289 1675 359 1711 vis.
421 1668 552 1711 Guelf.
588 1672 707 1712 Voss.
737 1678 776 1713 3.
808 1675 886 1726 jus,
1000 1674 1249 1728 enthymema.
1304 1675 1425 1719 Amb.
1459 1685 1494 1719 1.
1521 1687 1561 1722 2.

127 1750 396 1794 entymemaia.
465 1738 601 1778 Turio.
641 1739 745 1778 Flor.
786 1740 1064 1779 enthimemaia.
1185 1759 1285 1781 sane.
1351 1743 1477 1786 Amb.
1519 1754 1560 1789 2.

127 1824 239 1848 sana,
350 1806 453 1859 quod
476 1823 556 1846 nOS.
614 1805 749 1846 Guelf.
780 1807 928 1860 quidem
952 1823 1030 1846 nos.
1144 1810 1448 1864 interpretemur.
1493 1813 1562 1856 Sic

129 1878 248 1913 etiam
281 1873 389 1914 Flor.
419 1872 540 1915 Amb.
574 1880 613 1915 2.
642 1873 730 1914 Par.
763 1879 802 1913 2.
837 1878 875 1914 5.
917 1872 1071 1916 Cervic.
1186 1881 1306 1918 usuri.
1363 1878 1488 1922 Amb.
1522 1888 1560 1924 1,

128 1940 237 1981 Flor.
268 1957 424 1997 quoque
454 1944 521 1981 uti.
635 1958 733 1980 nunc
764 1941 810 1979 <le
837 1957 879 1980 eo
912 1957 987 1980 νιοη
1016 1942 1092 1997 loq.
1149 1942 1271 1985 Amb.
1296 1951 1333 1986 1.
1367 1963 1465 1988 nunc
1486 1966 1563 1990 non

129 2009 179 2048 de
211 2026 253 2049 co
284 2008 309 2050 l.
365 2008 500 2049 Turio.
530 2008 637 2048 Flor.
668 2026 744 2049 non
774 2008 819 2048 de
847 2025 888 2048 eo
920 2009 992 2064 loq.
1051 2009 1184 2052 Guelf.
1219 2011 1358 2067 Camp.
1389 2032 1489 2056 nunc
1515 2016 1563 2056 de

128 2093 172 2116 eo
217 2076 294 2131 loq.
419 2092 492 2130 quo
530 2079 766 2116 sententiam.
825 2074 946 2116 Goth.
979 2076 1104 2119 Amb.
1133 2085 1171 2119 2.
1210 2083 1326 2120 Voss.
1362 2087 1402 2123 2.
1441 2083 1560 2126 Alm.

127 2143 238 2185 Jens.
269 2153 307 2183 et
337 2144 427 2184 edd.
458 2153 547 2184 ante
575 2143 676 2185 Bad.
711 2143 813 2199 quod
838 2155 933 2184 seni.
994 2144 1134 2199 Camp.
1164 2148 1230 2200 qui
1255 2159 1348 2189 sent.

240 2235 276 2286 §.
307 2239 346 2274 2.
406 2250 480 2288 quo
512 2245 668 2274 certam.
724 2234 832 2274 Flor.
864 2233 979 2276 Alm.
1015 2233 1141 2276 Amb.
1175 2241 1214 2276 2.
1247 2239 1360 2279 Voss.
1381 2245 1421 2280 2.
1451 2239 1560 2282 Jens.

129 2309 171 2341 et
207 2301 299 2340 edd.
334 2311 423 2341 ante
461 2300 560 2341 Bad.
601 2300 701 2356 quod
739 2312 830 2341 cert.
942 2318 996 2341 ex
1037 2319 1194 2356 repugn.
1250 2304 1386 2346 Tusic.
1420 2306 1560 2361 Camp-

130 2383 211 2408 om.
242 2384 310 2407 ear.
423 2369 522 2408 illud
554 2372 678 2424 prius,
736 2367 861 2410 Amb.
892 2374 930 2410 1.
970 2369 1106 2410 Turio.
1135 2370 1243 2411 Flor.
1272 2371 1384 2413 Alm.
1420 2373 1558 2428 Calnp.

129 2435 230 2474 illud
249 2434 406 2489 quidem.
444 2436 553 2476 Jens.
578 2446 615 2475 et
636 2436 725 2475 edd.
742 2445 831 2476 ante
852 2435 1022 2491 Gryph.‚
1044 2453 1130 2477 exc.
1153 2437 1280 2490 Sich.‚
1311 2455 1402 2479 cum
1416 2440 1558 2495 Steph.

129 2503 279 2544 Vidov.
312 2502 353 2540 id
377 2519 440 2555 pr.
553 2504 796 2557 epichirema.
851 2503 918 2544 Sic
957 2507 1105 2559 ubique
1136 2508 1256 2545 etiam
1287 2505 1415 2548 Amb.
1440 2513 1474 2548 1.
1568 2549 1570 2552 ,

129 2568 278 2610 dicant.
337 2566 458 2609 Amb.
480 2573 517 2609 1.
574 2569 710 2609 Turio.
741 2569 859 2611 Bodl.
895 2572 1096 2625 adjiciant.
1157 2570 1294 2626 Camp.
1324 2572 1454 2615 Andr.
1485 2575 1559 2615 acl-

124 2638 281 2690 jiciunt.
395 2638 435 2675 in
464 2652 509 2674 ea
537 2638 637 2689 opin.
693 2637 800 2678 Jens.
833 2646 870 2677 et
899 2640 988 2678 edd.
1029 2647 1119 2677 ante
1149 2636 1286 2691 Sich.‚
1324 2656 1411 2681 exc.
1439 2640 1556 2695 Ald„

130 2705 172 2742 in
200 2702 272 2744 illa
301 2719 361 2758 op.
476 2713 516 2742 ut
540 2702 582 2741 id
602 2702 762 2744 demum.
819 2704 944 2746 Amb.
967 2710 1004 2745 1.
1035 2704 1171 2747 Turio.
1202 2705 1339 2762 Camp.
1369 2711 1558 2751 omittunt
1605 2729 1607 2731 ¹
