1775 3091
476 232 528 272 acl
559 231 718 285 Quintil.
749 231 875 272 Instit.
906 231 985 284 ΠΙ,
1017 237 1053 272 6.
1085 234 1117 286 ᾖ.
1147 237 1339 274 76-88,
1544 236 1614 276 141

196 342 318 384 Amb.
347 350 385 386 2.
425 344 558 399 Camp.
596 348 684 387 fort.
714 345 834 404 [me.
864 351 898 384 1.
1011 345 1142 400 Neque
1179 349 1286 384 euim.
1340 343 1400 386 Ita
1429 346 1551 388 Amb.
1586 355 1621 390 1.

197 410 332 465 Camp.
447 413 689 468 disceptatio.
748 413 952 466 descriptio
983 413 1121 467 Camp-

308 482 344 532 §.
373 485 439 521 83.
498 481 832 535 quadripertitam.
873 481 1203 535 quadrupertitam
1231 481 1339 534 (sive
1379 491 1437 522 est
1470 498 1542 536 per
1571 500 1622 536 a,-

194 561 291 586 nam
330 550 565 601 compendio
595 547 812 602 scribitur).
857 549 1096 603 quadripart.
1132 548 1220 590 Par.
1251 555 1286 590 1.
1399 549 1526 600 Nam,
1566 563 1618 592 ut.

194 614 302 652 Nam
330 618 454 655 omitt.
482 615 620 669 Camp.
735 619 771 654 si
799 616 901 669 quod
928 618 1003 670 obj.
1033 642 1089 648 -—
1116 618 1231 671 objie.
1294 617 1400 658 Flor.
1432 633 1455 658 a
1482 634 1541 672 pr.
1568 634 1621 657 m.

194 678 327 721 Turio.
356 686 546 722 omittunt
585 685 721 735 negari
747 707 803 714 ——
832 684 934 737 obj-5
970 684 1078 724 Flor.
1117 685 1188 737 (iu
1224 700 1301 740 quo
1339 696 1396 726 est
1431 688 1468 724 si
1503 685 1622 740 quid)

190 749 352 801 insuper
389 751 562 799 addidit,
601 765 701 804 quae
742 751 1070 791 desiderabantur.
1121 752 1259 806 Camp.
1301 758 1426 794 omitt.
1464 763 1621 793 tantum

190 815 293 869 quod
321 817 502 869 objicitur
529 821 658 870 prlore
687 821 788 858 loco.
903 818 1055 858 dicitur.
1095 819 1250 859 dicatur
1289 820 1387 863 Obr.
1433 824 1538 866 (fort.
1570 838 1622 862 ex

189 881 380 936 Argent.)
407 884 542 926 Turio.
572 885 678 926 Flor.
710 888 800 925 fort.
831 885 941 925 Amb
959 892 992 926 1.
1105 887 1345 941 dejiciamur.
1395 889 1622 944 deficiamus

190 949 314 990 Aan.
346 957 382 992 1.
419 952 525 992 Sich.
639 953 706 992 sed
728 956 824 1006 jam.
881 954 948 992 sed
977 957 1092 993 ctiam
1122 953 1252 995 Guelf.
1367 973 1420 995 cx
1449 960 1621 997 crimino.

192 1035 218 1056 a
256 1022 367 1059 erim.
412 1019 545 1074 Camp.
668 1038 783 1074 neque
811 1046 866 1051 -
894 1038 1022 1075 neque.
1069 1038 1136 1061 nec
1165 1046 1221 1053 ·--
1249 1039 1316 1062 nec
1365 1022 1482 1064 Goth.
1529 1040 1621 1065 cum

190 1083 296 1126 Jens.
327 1096 366 1126 et
392 1097 488 1140 post.
519 1098 610 1127 ante
639 1087 787 1137 Εἴθε-ιι,
819 1103 902 1127 exc.
934 1088 1052 1128 Tarv.
1080 1088 1199 1139 Ald„
1228 1092 1272 1129 in
1301 1094 1444 1144 quibus
1470 1101 1527 1132 est
1552 1104 1622 1131 'ne-

191 1169 260 1206 que
286 1177 341 1183 ——
370 1171 450 1194 nec.
564 1165 603 1192 u!
633 1171 706 1194 non
737 1153 925 1193 videatur.
985 1171 1060 1194 non
1089 1159 1216 1195 omitt.
1250 1155 1387 1210 Calnp.

303 1221 336 1270 §.
367 1222 433 1261 84.
489 1221 610 1261 Hinc.
657 1221 740 1259 Hic
771 1225 891 1259 etlam
918 1221 1022 1262 Flor.
1051 1220 1175 1262 Amb.
1205 1228 1238 1261 1.
1267 1229 1305 1263 2.
1345 1224 1432 1264 Par.
1457 1230 1492 1265 1.
1513 1232 1552 1265 2.
1580 1233 1619 1267 3.

190 1285 328 1340 Camp.
379 1287 494 1327 Tarv.
536 1288 635 1328 Ald.
680 1287 781 1327 Bad.
897 1292 1061 1328 actionis
1091 1312 1140 1319 -
1173 1290 1451 1331 translationis.
1493 1296 1621 1332 octio-

192 1372 254 1393 ncs
283 1380 337 1385 —
366 1356 637 1395 translationes
675 1359 793 1394 etiam
831 1355 936 1396 Flor.
976 1355 1101 1397 Amb.
1137 1363 1174 1397 1.
1223 1358 1317 1398 Post
1355 1359 1452 1398 haec
1481 1358 1619 1413 Camp.

189 1425 326 1463 inserit
355 1435 452 1463 sunt.
564 1440 638 1462 non
668 1423 824 1462 laudab.
892 1440 968 1463 non
997 1427 1125 1465 omitt.
1166 1425 1273 1465 Jens.
1314 1437 1352 1466 et
1391 1437 1489 1480 post.
1529 1438 1620 1468 ante

188 1490 283 1529 ΑΜ.
343 1507 415 1530 non
448 1489 552 1530 laud.
583 1507 654 1528 non
685 1493 804 1529 etiam
845 1491 947 1531 Flor.
994 1490 1132 1546 Camp.
1255 1496 1295 1532 in
1323 1494 1418 1533 XII
1442 1496 1520 1535 tab.
1581 1499 1621 1536 in

189 1573 267 1597 om.
308 1557 446 1610 Camp.
572 1569 607 1597 ct
645 1557 807 1612 aliquid.
857 1569 913 1598 cst
952 1558 1101 1613 aliquid
1141 1558 1276 1601 Guelf.
1325 1560 1463 1616 Camp.
1507 1563 1619 1605 Sich.

188 1624 317 1667 Coliu.
350 1635 387 1665 et
406 1629 474 1664 alii
494 1627 611 1665 multi
631 1635 717 1678 post
742 1626 829 1665 hos.
890 1629 1001 1665 ctiam
1029 1627 1127 1681 aliq.
1157 1627 1251 1667 Ald.
1300 1639 1332 1667 ct
1357 1632 1473 1669 etiam
1501 1630 1619 1672 Basil.

301 1695 331 1744 ξ.
363 1698 428 1733 85.
484 1704 571 1732 sunt
599 1710 712 1747 quam
740 1704 790 1731 ut.
843 1710 955 1747 quam
985 1697 1111 1734 omitt.
1142 1699 1262 1735 etiam
1298 1695 1330 1735 F
1334 1699 1402 1735 lor.
1427 1712 1449 1736 a
1475 1713 1534 1750 pr.
1563 1715 1620 1739 m„

187 1761 276 1802 Par.
307 1768 345 1802 2.
367 1768 406 1802 5.
450 1761 571 1800 Amb.
605 1767 646 1799 2.
684 1759 846 1812 Camp.;
885 1763 1059 1800 retinent
1085 1761 1192 1801 Flor.
1221 1777 1246 1801 a
1274 1778 1350 1802 sec.
1380 1778 1432 1801 m.
1461 1764 1548 1807 Par.
1583 1773 1620 1807 1.

187 1832 274 1868 fort.
303 1827 427 1868 Amb.
452 1835 488 1868 1.
602 1843 677 1866 non
709 1838 807 1865 recte
820 1826 993 1882 factum.
1039 1827 1149 1867 Haec
1168 1832 1295 1868 omitt.
1324 1828 1448 1871 Amb.
1472 1837 1506 1871 1.

188 1896 252 1934 Ita
282 1898 403 1935 circa.
459 1896 525 1934 Ita
554 1910 633 1935 om.
659 1893 784 1933 Amb.
816 1900 852 1932 2.
884 1892 1005 1934 Goth.
1045 1893 1162 1934 Voss.
1192 1901 1228 1935 2.
1255 1900 1289 1935 3.
1402 1900 1442 1936 in
1472 1902 1618 1953 quibus.

188 1967 228 2002 in
259 1966 386 2002 omitt.
426 1966 546 2002 etiam
583 1962 690 2001 Flor.
730 1960 853 2000 ΑΒΗ).
881 1966 917 2000 1.
957 1960 1047 2001 Par.
1081 1967 1144 2012 1.;
1186 1965 1330 2002 retinet
1367 1962 1506 2020 Camp‚

183 2034 368 2084 praemio.
413 2032 540 2084 primo
571 2028 709 2082 Camp.
749 2026 905 2082 (errore
933 2031 1120 2081 proclivi:
1154 2031 1205 2068 cf.
1238 2045 1298 2068 ex.
1318 2046 1375 2083 gr.
1398 2038 1437 2084 3,
1461 2039 1526 2087 10,
1550 2036 1618 2091 3,)

172 2098 301 2138 -Voss.
323 2103 363 2137 2.
472 2100 626 2151 petitor.
680 2098 823 2150 petitur
847 2094 971 2135 Amb.
993 2102 1031 2136 2.
1061 2094 1194 2137 Guelf.
1224 2095 1340 2137 Voss.
1365 2103 1401 2139 3.

296 2167 332 2217 ξ.
365 2170 430 2205 86.
488 2164 600 2203 velut.
671 2162 793 2202 veluti
827 2162 952 2203 Aan.
977 2169 1014 2204 1.
1129 2163 1341 2205 discedunt.
1390 2165 1616 2208 discendunt

185 2234 303 2272 etiam
330 2231 416 2271 Par.
442 2237 478 2271 1.
501 2237 540 2271 2.
579 2229 718 2284 Camp-

296 2300 332 2350 §.
363 2303 431 2338 87.
488 2300 659 2337 nitimur.
717 2299 860 2336 utimur
888 2300 1008 2337 etiam
1043 2296 1134 2339 Par.
1157 2303 1196 2339 1.
1214 2303 1255 2339 2.
1293 2297 1431 2354 Camp.
1458 2300 1612 2354 Andr.;

183 2374 340 2418 recepta
377 2374 436 2405 est
471 2369 515 2404 'm
553 2365 644 2406 Par.
683 2368 723 2404 5.
764 2363 875 2404 Sioh.
914 2364 1046 2406 Golin.
1171 2365 1362 2407 habemus.
1408 2368 1614 2416 habeamus

185 2435 305 2472 etiam
330 2431 438 2471 Flor.
465 2430 590 2471 Aan.
617 2437 652 2471 1.
766 2435 865 2470 inter
895 2449 948 2473 sc.
1016 2435 1193 2471 interesse
1221 2431 1329 2473 Flor.
1358 2449 1380 2473 a
1407 2450 1468 2488 pr.
1499 2451 1557 2477 m.

299 2500 335 2550 §.
366 2503 434 2539 88.
497 2498 612 2538 velut.
652 2491 769 2538 veluti
805 2497 927 2540 Goth.
967 2515 1058 2539 cum
1093 2498 1201 2540 Jens.
1241 2509 1280 2539 et
1315 2509 1477 2553 posterr.
1519 2513 1611 2544 ante

184 2564 313 2606 Stoer.
428 2565 675 2615 ostendentia,
698 2577 753 2606 ut.
809 2566 1015 2615 ostendent,
1038 2578 1079 2605 ut
1109 2566 1243 2608 Guelf.
1291 2569 1514 2622 ostendenti,
1545 2582 1612 2609 aut

181 2631 291 2671 Flor.
333 2631 457 2672 Amb.
486 2639 525 2673 2.
595 2634 852 2685 ostendentia,
893 2645 961 2673 aut
993 2634 1128 2675 Turio.
1175 2634 1290 2675 Alm.
1334 2634 1474 2690 Camp.
1532 2637 1611 2678 Hic

187 2702 307 2740 etiam
333 2711 399 2740 aut
427 2699 572 2741 volunt.
600 2701 678 2742 dat.
793 2703 1044 2743 continentur.
1076 2705 1288 2743 continetur
1316 2701 1449 2745 Guelf.
1474 2703 1608 2757 Beru„
