1775 3091
349 249 403 293 αιῖ
434 249 597 304 Quintil.
624 247 754 291 Iustis.
785 247 821 301 Ῑ,
852 253 917 290 10.
957 248 991 303 ᾗ.
1019 253 1187 290 2-17,
1433 256 1486 293 59

164 368 197 420 ξ.
227 371 268 407 7.
338 363 611 405 immutabilem
646 362 764 404 Voss.
797 367 836 403 3.
874 361 982 404 Jens.
1020 361 1141 404 Tarv.
1181 361 1290 404 Ven.
1354 365 1487 403 inmas.

52 432 189 475 Turio.
304 433 472 472 humana
498 434 648 471 ratione
674 430 810 471 Turio.
845 445 867 469 a
895 447 971 472 seo.
993 447 1047 473 m.
1079 429 1212 486 (prius
1242 440 1324 472 erat
1353 431 1490 471 huma-

52 517 125 540 nae
155 500 325 555 ratione)
353 499 472 540 Bodl.
501 498 616 540 Alm.
647 497 786 552 Camp.
818 497 943 548 Obr„
985 508 1182 553 receptam
1205 508 1337 539 tuetur
1363 498 1490 541 Amb.

55 574 98 610 1.
191 579 299 622 egeat
329 567 455 608 Amb.
480 573 517 608 1.
614 566 816 608 ostendant
843 590 899 597 —
923 567 1129 623 proferant
1158 566 1298 622 Camp.
1389 570 1493 608 taci-

54 648 141 689 iac5
179 639 235 676 ita
269 639 389 676 etiam
418 635 557 676 Turio.
586 633 714 675 Amb.
735 640 776 676 2.
806 633 919 675 Sich.
951 635 1050 675 Vid.

167 707 200 759 ᾗ.
230 709 270 744 8.
330 714 370 744 at
407 719 490 757 ego.
549 714 610 743 ast
648 701 787 743 Turio.
825 701 935 744 Flor.
974 701 1107 744 Guelf.
1146 702 1266 746 Voss.
1300 709 1338 746 1.
1380 705 1492 749 Sich.

56 770 211 826 Gryph.
253 771 353 813 Obr.
412 771 480 811 sed
518 787 587 825 ego
623 769 751 811 Amb.
785 776 824 811 1.
939 775 1096 826 utiqu05
1145 774 1200 812 ita
1237 775 1356 813 etiam
1384 773 1494 816 Flor.

53 838 181 880 Amb.
212 845 249 880 1.
293 837 386 894 (hic
426 849 584 880 tantum
621 853 643 878 a
680 855 758 879 sec.
789 854 913 878 manu
946 841 989 878 iu
1021 843 1108 880 loco
1138 840 1314 895 abraso.)
1355 841 1494 897 Camp.

55 910 183 963 utique
212 925 326 962 acque
353 907 477 948 Paris.
500 913 542 948 2.
601 924 717 962 aeque
743 907 867 948 Paris.
901 912 937 947 1.
969 913 1007 948 3.
1037 909 1078 949 4.
1193 920 1247 949 est
1274 926 1359 964 spes
1386 910 1496 952 Flor.

168 978 201 1030 ᾗ.
232 982 270 1017 9.
330 975 389 1016 ill.
414 978 499 1030 jam
528 975 619 1015 edd.
649 985 739 1015 ante
768 973 880 1015 Sich.
994 979 1086 1031 quia
1105 977 1190 1018 rud.
1221 977 1359 1019 Turio.
1386 978 1495 1021 Flor.

56 1040 182 1083 Amb.
201 1049 242 1084 2.
274 1042 412 1097 Camp.
528 1053 575 1082 et.
606 1058 716 1082 saxa
740 1042 850 1083 Flor.

173 1113 205 1164 ᾗ.
242 1116 306 1151 10.
367 1111 419 1149 Et
451 1112 612 1163 Timag.
670 1109 807 1164 Itaque
827 1113 945 1150 inser.
968 1109 1132 1164 Ca1np.3
1163 1112 1289 1153 Amb.
1311 1119 1351 1153 1.
1378 1118 1498 1168 plane

60 1178 200 1217 eadem
231 1179 319 1227 dat,
358 1193 459 1232 quae
490 1176 653 1229 Turio-..3
694 1176 804 1216 Flor.
834 1179 1026 1229 imagenes
1058 1178 1142 1233 (T.
1173 1180 1307 1220 addid.
1337 1184 1389 1221 al.
1422 1182 1498 1236 m.)

61 1256 238 1285 auctores
278 1256 378 1285 suni.
447 1243 607 1298 [Spald.
636 1253 772 1298 postea
801 1246 1049 1298 praeferebat
1080 1255 1119 1286 et
1145 1249 1229 1302 ipse
1257 1247 1394 1303 Itaque
1425 1252 1501 1290 Ti-

60 1330 238 1366 magenes
269 1324 405 1353 aucior
435 1313 529 1364 csi.]
644 1323 678 1351 ct
709 1312 807 1352 clar.
839 1322 924 1351 tesi.
954 1325 1041 1352 sunt
1077 1313 1187 1355 Flor.

175 1383 208 1435 ᾗ.
251 1386 315 1422 12.
373 1381 498 1436 Atqui
538 1378 637 1420 clar.
678 1379 788 1420 Flor.
827 1378 974 1420 Baliol.
1016 1380 1127 1422 Sich.
1254 1386 1333 1438 ejus
1371 1390 1501 1429 omitt,

61 1448 186 1490 Paris.
210 1454 247 1488 1.
272 1454 312 1489 2.
343 1447 478 1489 Tmic.
509 1462 532 1487 a
559 1463 619 1502 pr.
649 1463 704 1487 m.
733 1446 841 1487 Flor.
859 1445 1013 1488 Almel.
1043 1447 1170 1490 Amb.
1192 1455 1231 1491 1.
1252 1458 1294 1493 2.
1322 1452 1442 1496 Voss.
1459 1463 1501 1498 2.

66 1514 188 1557 Goth.
220 1514 374 1570 Gryph.
433 1515 556 1572 [quae
585 1530 667 1555 vox
693 1518 725 1555 si
756 1517 885 1566 abest,
926 1525 1030 1556 recto
1058 1520 1328 1572 intelligemus
1358 1540 1404 1562 ca
1434 1541 1503 1564 ra·-

64 1587 184 1633 tione,
226 1600 341 1639 quam
367 1595 503 1639 postca
529 1583 618 1639 lyra
646 1585 800 1623 imitata
829 1582 924 1636 cst-J
1036 1584 1207 1626 dederint
1236 1586 1344 1630 Flor.
1374 1589 1502 1633 Amb.

67 1656 105 1692 1.
129 1658 169 1694 2.
201 1650 333 1693 Guelf.

179 1721 217 1770 §.
257 1724 322 1760 13.
378 1729 484 1774 part.
523 1734 635 1774 quoq.
680 1717 806 1758 Amb.
839 1724 878 1759 1.
994 1719 1100 1772 Quid
1138 1727 1265 1765 omitt.
1304 1724 1430 1768 Amb.
1459 1735 1502 1770 2.

65 1786 187 1827 Voss.
210 1792 248 1828 3.
276 1786 399 1827 Bern.
424 1785 522 1826 ΑΜ.
639 1785 776 1840 loquar
802 1784 928 1825 Amb.
951 1792 988 1826 1.
1020 1803 1043 1827 a
1070 1804 1147 1829 sec.
1177 1805 1234 1831 111.
1349 1811 1389 1832 se
1412 1806 1503 1836 ante

65 1857 150 1909 jam
186 1872 264 1895 sen.
302 1858 420 1894 inser.
458 1853 596 1893 Tul-ic.
634 1852 743 1892 Flor.
777 1851 903 1892 Amb.
938 1859 975 1893 1.
1016 1854 1112 1909 (qui
1147 1868 1350 1909 praeterea
1382 1862 1504 1904 habet

70 1919 201 1975 senes)
236 1920 356 1962 Bodl.
385 1920 475 1961 Bal.
507 1919 640 1960 Guelf.
673 1919 811 1973 Camp.
841 1919 962 1960 Tarv.
991 1920 1101 1962 Ven.
1129 1922 1228 1965 AJd.

187 1989 225 2040 §.
259 1989 325 2029 14.
382 1988 569 2027 traditum
597 1997 675 2039 est,
706 2003 839 2026 exerc.
870 1985 1003 2029 Guelf.
1033 2005 1125 2029 cum
1141 1996 1275 2034 multis
1297 1996 1387 2037 edd.
1406 2009 1503 2042 vett,

74 2066 108 2096 ct
140 2059 267 2096 omitt.
297 2055 432 2096 Turio.
463 2070 486 2094 a
513 2070 572 2108 pr.
602 2069 659 2095 m.
687 2053 796 2095 Flor.
832 2053 958 2096 Amb.
988 2061 1030 2098 2.
1142 2073 1304 2114 quanto,
1336 2089 1389 2095 —
1414 2078 1505 2107 tan-

74 2135 177 2176 tum3
222 2126 277 2164 ita
316 2127 434 2163 etiam
472 2122 595 2163 Paris.
621 2127 660 2163 2.
696 2126 733 2162 3.
762 2123 803 2162 4.
843 2121 979 2164 Turio.
1010 2124 1117 2166 Flor.
1146 2126 1271 2171 Amb.
1290 2138 1330 2173 2.
1362 2132 1503 2190 Camp.

75 2194 166 2232 fort.
193 2190 317 2232 Amb.
339 2195 378 2231 1.
434 2200 542 2230 tanto
570 2189 693 2232 Paris.
719 2194 757 2230 1.

188 2260 226 2310 §.
259 2263 325 2299 15.
380 2267 495 2298 vocat
523 2255 662 2311 camp.
765 2256 821 2297 al.
849 2274 968 2300 sever.
999 2273 1080 2300 om.
1110 2259 1246 2305 Turio.
1347 2273 1503 2325 sapien-

78 2328 173 2366 tium
198 2324 334 2366 Turio.
362 2324 470 2365 Flor.
508 2322 634 2365 Amb.
660 2329 697 2365 1.
715 2330 755 2366 2.
787 2323 919 2367 Guelf.
1036 2328 1089 2368 Et
1118 2343 1199 2372 om.
1230 2337 1349 2376 etiam
1375 2336 1502 2380 Amb.

80 2398 121 2435 2.
149 2392 271 2435 Paris.
291 2399 331 2434 2.
352 2398 390 2433 3.
413 2394 453 2432 4.
480 2393 550 2432 sed
578 2392 700 2432 habet
728 2392 850 2433 Paris.
875 2399 913 2434 1.

194 2462 231 2514 §.
262 2464 328 2500 16.
385 2461 543 2512 remiges
570 2456 704 2500 Guelf.
735 2475 827 2500 cum
845 2470 939 2502 vett.
962 2462 1052 2502 edd.
1076 2465 1268 2516 pluribus.

82 2545 187 2584 oper.
216 2526 339 2567 Amb.
363 2532 400 2567 1.
433 2523 567 2567 Guelf.
591 2524 714 2568 Goth.
743 2526 880 2582 Camp.
911 2538 950 2569 et
973 2533 1070 2570 aliae
1090 2533 1179 2574 edd.
1200 2546 1295 2578 vett.

82 2598 231 2651 spirant
263 2594 398 2635 Tuxic.
428 2608 451 2633 a
478 2609 538 2646 pr.
566 2608 622 2633 m.
648 2609 740 2634 cum
766 2593 915 2636 Cervic.
947 2595 1075 2638 Colin.

195 2665 232 2716 ᾧ.
263 2667 329 2703 17.
388 2660 501 2702 nond.
541 2678 624 2700 eam
659 2672 785 2701 tamen
821 2661 955 2704 Tusic.
994 2664 1099 2707 Flor.
1134 2668 1257 2710 Amb.
1289 2676 1325 2712 1.
1367 2671 1503 2716 Guelf.

87 2728 208 2773 Goth.
240 2729 350 2773 Sich.
463 2728 504 2767 id
532 2745 674 2784 quoque
704 2744 782 2771 om.
805 2729 905 2773 Obr.
963 2748 1106 2789 quoquc
1133 2751 1211 2778 0111.
1237 2736 1376 2794 Camp.
1396 2740 1502 2784 Flor,

1382 2474 1424 2511 in
1443 2473 1508 2514 his

1410 2556 1503 2582 con-
