1775 3091
200 227 278 263 322
646 219 754 272 Supp
760 217 919 257 lementa
951 219 1214 257 annotationis

310 335 346 386 §.
380 334 446 374 15.
504 345 538 372 et
571 355 626 362 —-
658 341 811 369 nalum.
872 328 1012 383 Camp.
1049 345 1104 369 ex
1141 329 1227 370 carl.
1269 340 1348 369 nat.
1381 339 1414 368 et
1444 327 1528 369 illa.

201 401 510 441 adolescentium.
568 398 601 438 F
604 402 678 437 lor.
711 399 832 436 etiam
857 397 1125 437 adolescentia.
1183 397 1272 438 Par.
1300 404 1335 437 1.
1357 403 1396 438 2.
1419 395 1641 436 adolescen-

201 471 308 508 1iam.
425 467 532 506 lenis.
592 464 701 505 Sich.
732 467 854 504 etiam
883 464 991 504 levis.
1108 464 1270 505 caloris.
1328 462 1451 504 Goth.
1485 463 1640 503 coloris.

283 536 445 575 cler-isus.
505 531 629 573 Goth.
661 531 811 572 densus.
927 550 1002 573 non
1032 533 1104 573 his.
1154 531 1291 572 Efiffln
1311 530 1438 571 Aan.
1463 536 1502 571 1.
1533 529 1642 570 Flor.

203 617 226 642 a
253 619 312 656 pr.
343 618 398 641 m.
430 600 468 639 lz.
500 617 538 640 n.
599 597 722 640 Goth.
751 617 788 640 n.
823 602 886 640 iis.
946 599 1085 654 Camp.
1117 603 1187 651 iis,
1237 601 1305 639 sed
1334 603 1452 638 inser.
1476 606 1565 651 post
1582 613 1644 637 ex.

283 670 448 724 propria
486 679 572 707 sunt
608 669 777 709 virtutis.
836 667 927 708 Par.
957 672 996 708 1.
1036 671 1157 707 etiam
1188 670 1374 722 propriae
1411 683 1440 704 s.
1478 665 1646 704 virtutis.

203 738 328 778 Amb.
360 741 396 775 1.
427 733 534 775 Flor.
563 750 587 774 a
615 750 694 775 sec.
725 750 780 775 m.
799 738 965 790 propria
980 735 1068 791 fitit
1097 738 1266 775 virtutis.
1326 733 1434 774 Flor.
1466 747 1488 771 a
1507 748 1566 784 pr.
1587 745 1644 780 m„

200 805 365 858 propria
381 801 471 857 fuit
499 805 637 843 virtus.
753 801 961 842 simulatio.
1018 800 1140 842 Amb.
1165 808 1203 843 1.
1236 801 1325 841 Par.
1351 807 1388 841 1.
1413 807 1452 840 2.
1483 797 1648 837 simula-

205 873 327 920 iioni,
356 885 434 910 sec.
466 885 608 909 manus
633 857 894 909 Ambrosiani
921 873 965 908 in
993 873 1072 909 fine
1101 871 1371 922 superscripsit
1397 884 1474 906 sus.
1561 880 1646 916 rog.

205 929 400 991 ἐῖρωνειά.
475 936 601 977 Amb.
643 942 679 977 1.
719 953 872 992 ιρωνια.
944 936 1087 992 Camp.
1135 952 1306 988 ιρωνεια.
1438 934 1649 972 diversum.

205 1003 343 1045 Turio.
376 1020 398 1044 a
427 1021 487 1058 pr.
517 1020 571 1044 m.
606 1004 858 1045 ‹livet-sorum,

321 1074 359 1123 §.
395 1077 460 1112 16.
522 1071 821 1112 conciliandum.
881 1071 990 1112 Jens.
1030 1082 1070 1112 et
1101 1072 1189 1112 edd.
1231 1085 1342 1110 meae
1380 1084 1517 1109 omnes
1556 1083 1650 1107 con-

207 1139 418 1180 citandum.
544 1139 686 1180 odium,
744 1137 1075 1180 Guelf.-omittit.
1201 1155 1285 1179 cum
1323 1138 1406 1177 Ῑιοο.
1464 1135 1599 1176 Turio.
1628 1148 1651 1173 a

206 1222 267 1260 pr.
297 1223 352 1247 m.
392 1210 511 1247 inser.
553 1209 593 1246 in
717 1223 781 1245 cos
820 1222 974 1260 graves.
1035 1207 1172 1247 Turio.
1205 1222 1226 1245 a
1258 1222 1316 1259 pr.
1347 1220 1403 1244 m.
1434 1220 1476 1242 eo
1503 1204 1653 1256 gravis.

293 1274 336 1313 id
374 1277 499 1328 ipsum
539 1274 790 1314 demonstrat.
850 1273 988 1315 Turio.
1031 1290 1053 1314 a
1079 1291 1139 1328 pr.
1170 1290 1225 1314 m.
1257 1273 1310 1312 acl
1339 1275 1366 1311 i.
1407 1271 1650 1310 demonstr-ei.

293 1343 556 1398 aff'cctatores.
615 1342 749 1382 Turio.
783 1358 806 1382 a
835 1358 893 1396 pr.
923 1357 978 1382 m.
1010 1342 1278 1397 afficiatur-os.
1389 1339 1650 1380 adversarios.

211 1408 352 1462 Camp.
387 1409 650 1450 adversarior,

323 1480 359 1529 §.
397 1480 461 1516 17.
520 1492 593 1514 am.
634 1486 669 1513 et
709 1491 772 1514 ex.
840 1474 948 1516 Flor.
986 1491 1147 1532 quoque
1185 1478 1331 1515 omittit
1367 1486 1415 1515 et.
1527 1483 1582 1512 est
1619 1482 1655 1511 et

213 1543 298 1584 illo.
360 1541 501 1595 Camp.
546 1545 696 1582 omittit
737 1553 784 1583 ct.
898 1545 1037 1583 minor.
1091 1542 1226 1582 Turio.
1261 1544 1332 1593 adj.
1367 1553 1432 1580 est.
1546 1540 1651 1580 Non.

213 1610 349 1652 Guelf.
388 1609 507 1650 Voss.
536 1616 574 1650 2.
603 1625 708 1649 nam.
830 1612 1106 1664 signficantcs.
1163 1609 1230 1650 Sic
1263 1613 1384 1649 etiam
1411 1609 1514 1649 Flor.
1572 1606 1655 1647 Sed

211 1678 351 1719 Tus-ic.
373 1692 396 1717 a
413 1693 471 1729 pr.
492 1691 548 1715 m.
577 1677 863 1730 significantis,
904 1676 1028 1715 Amb.
1054 1682 1090 1716 1.
1109 1680 1380 1731 significanter
1407 1678 1511 1716 tueri
1538 1676 1654 1715 vide-

211 1754 290 1785 tur.
403 1742 490 1795 ἤθη
532 1742 621 1782 clioe.
679 1742 805 1782 Amb.
843 1749 876 1783 1.
918 1743 1055 1783 Turio.
1087 1758 1110 1782 a
1136 1760 1198 1797 pr.
1229 1760 1284 1783 m.
1318 1743 1458 1797 Camp.
1491 1745 1584 1796 ηθει
1613 1741 1654 1782 cl·

213 1812 350 1853 Tmic.
384 1826 407 1850 a
427 1827 506 1851 sec.
532 1826 588 1850 m.
619 1809 699 1850 cibi
729 1809 764 1848 ἅ.
878 1813 1177 1865 superstitiosos·
1238 1811 1378 1865 Camp.
1411 1813 1569 1851 omittit.

213 1879 390 1920 iimiclo&
446 1878 554 1919 Flor.
584 1893 606 1917 a
634 1894 692 1931 pr.
718 1893 773 1918 m.
805 1878 985 1918 tumidos.
1096 1883 1398 1934 propositorum.
1457 1877 1582 1918 Aan.
1616 1882 1654 1917 1.

214 1947 322 1988 Flor.
353 1949 474 1986 etimn
499 1948 816 2001 propositionum.
928 1948 977 1986 si.
1037 1945 1104 1987 Sic
1133 1951 1253 1986 etiam
1282 1947 1388 1987 Flor.
1418 1946 1508 1988 Par.
1532 1951 1571 1986 1.

214 2013 318 2069 ἤθη.
376 2013 503 2054 Amb.
538 2019 572 2054 1.
602 2012 737 2053 Tusic.
770 2012 910 2067 Camp.
941 2016 1035 2067 ⁷19⁸·

328 2084 360 2134 ᾗ.
394 2086 457 2121 18.
514 2097 669 2121 comem.
726 2079 864 2121 Turio.
896 2096 918 2120 a
942 2097 1001 2135 pr,
1027 2096 1082 2121 m.
1115 2083 1220 2134 σοτῆ,
1261 2097 1283 2122 a
1304 2098 1380 2122 sec.
1400 2097 1456 2121 m.
1485 2097 1656 2121 commu-

217 2166 313 2190 nem.
370 2147 494 2189 Goth.
524 2165 734 2190 commune.
843 2152 983 2203 poscit.
1042 2149 1179 2191 Turio.
1208 2165 1233 2189 a
1256 2166 1315 2204 pr.
1341 2165 1397 2189 ln.
1428 2149 1534 2189 Flor.
1563 2164 1658 2203 pos-

216 2221 282 2257 sit.
408 2216 530 2268 Quas.
599 2215 736 2257 Turio.
774 2231 798 2257 a
832 2232 891 2270 pr.
929 2232 985 2257 111.
1023 2216 1127 2257 FIor.
1167 2221 1296 2271 quasi.
1424 2217 1655 2271 approbare.

218 2283 326 2324 Flor.
358 2287 480 2323 etiam
511 2284 737 2338 approbari.
864 2285 998 2338 quibus
1028 2300 1097 2325 ex.
1158 2284 1297 2338 Camp.
1329 2287 1448 2324 inser.
1480 2287 1570 2339 ipse.

217 2351 327 2391 Nam
366 2354 442 2406 qui.
502 2350 628 2392 Amb.
666 2356 704 2391 1.
743 2365 766 2390 a
802 2366 861 2404 pr.
893 2366 949 2391 m.
986 2354 1104 2392 inser.
1146 2352 1309 2407 quidem.
1430 2346 1538 2405 ἦθος
1574 2351 1656 2391 vid.

216 2418 343 2459 Amb.
370 2425 406 2459 1.
434 2422 551 2459 inser.
578 2435 676 2470 non,
716 2419 857 2473 [quod
884 2423 1018 2461 nescio
1049 2435 1100 2459 an
1129 2423 1184 2459 sic
1213 2423 1334 2474 possit
1363 2422 1578 2474 explicari:
1609 2435 1655 2460 ac

217 2496 420 2539 praeterea
447 2479 558 2538 ἦθος
586 2488 630 2525 in
660 2488 740 2537 ejus
771 2489 947 2526 oratione
976 2503 1060 2527 non
1086 2491 1214 2528 inesse
1242 2486 1485 2538 videretur]

331 2555 370 2603 §.
400 2558 464 2594 19.
528 2553 658 2603 Quare
677 2555 810 2608 ipsum.
875 2553 983 2594 Jens.
1025 2564 1064 2594 et
1102 2556 1191 2596 edd.
1233 2566 1324 2596 ante
1365 2554 1522 2606 Smer„
1564 2569 1651 2593 exc.

219 2617 355 2667 Sich.‚
406 2636 499 2660 cum
537 2624 591 2660 eis
629 2636 691 2674 ap.
722 2619 864 2660 Burm.
979 2625 1019 2661 in
1048 2623 1130 2663 hoc.
1188 2622 1312 2664 Amb.
1344 2629 1380 2663 1.
1419 2622 1512 2676 (sed
1541 2620 1567 2659 ἦ
1597 2630 1655 2661 est

219 2702 242 2726 a
271 2702 350 2728 sec.
377 2688 457 2740 m.)
487 2687 624 2729 Tufic.
656 2703 691 2729 a.
724 2703 783 2742 pr.
813 2702 867 2727 ln.
899 2687 1006 2730 Flor.
1038 2692 1079 2729 in
1106 2690 1193 2730 hac.
1306 2689 1455 2730 saltem.
1514 2687 1651 2729 Turio.
