<?xml version="1.0" encoding="UTF-8"?>
<!DOCTYPE html PUBLIC "-//W3C//DTD XHTML 1.0 Transitional//EN"
    "http://www.w3.org/TR/xhtml1/DTD/xhtml1-transitional.dtd">
<html xmlns="http://www.w3.org/1999/xhtml" xml:lang="en" lang="en">
 <head>
  <title>
</title>
<meta http-equiv="Content-Type" content="text/html;charset=utf-8" />
  <meta name='ocr-system' content='tesseract 3.04.00' />
  <meta name='ocr-capabilities' content='ocr_page ocr_carea ocr_par ocr_line ocrx_word'/>
</head>
<body>
  <div class='ocr_page' id='page_1' title='image "./lexiconquintilia05bonnuoft_0496.png"; bbox 0 0 1775 3091; ppageno 0'>
   <div class='ocr_carea' id='block_1_1' title="bbox 197 190 1196 247">
    <p class='ocr_par' dir='ltr' id='par_1_1' title="bbox 197 190 1196 247">
     <span class='ocr_line' id='line_1_1' title="bbox 197 190 1196 247; baseline 0.001 -16"><span class='ocrx_word' id='word_1_1' title='bbox 197 193 276 232; x_wconf 82' lang='lat'><strong>440</strong></span> <span class='ocrx_word' id='word_1_2' title='bbox 636 190 909 247; x_wconf 78' lang='lat' dir='ltr'><em>Supplemenia</em></span> <span class='ocrx_word' id='word_1_3' title='bbox 937 197 1196 234; x_wconf 66' lang='lat' dir='ltr'><strong>annotationis</strong></span> 
     </span>
    </p>
   </div>
   <div class='ocr_carea' id='block_1_2' title="bbox 208 303 1646 1165">
    <p class='ocr_par' dir='ltr' id='par_1_2' title="bbox 208 303 1639 412">
     <span class='ocr_line' id='line_1_2' title="bbox 316 303 1639 360; baseline 0.002 -17"><span class='ocrx_word' id='word_1_4' title='bbox 316 304 353 354; x_wconf 86' lang='lat'><strong>§.</strong></span> <span class='ocrx_word' id='word_1_5' title='bbox 386 305 480 344; x_wconf 82' lang='grc'><strong>164.</strong></span> <span class='ocrx_word' id='word_1_6' title='bbox 542 321 632 343; x_wconf 84' lang='lat' dir='ltr'><strong>rem.</strong></span> <span class='ocrx_word' id='word_1_7' title='bbox 658 315 804 357; x_wconf 75' lang='lat' dir='ltr'><strong><em>raptus,</em></strong></span> <span class='ocrx_word' id='word_1_8' title='bbox 851 303 917 344; x_wconf 83' lang='lat' dir='ltr'><strong>Sic</strong></span> <span class='ocrx_word' id='word_1_9' title='bbox 945 303 1034 345; x_wconf 88' lang='lat' dir='ltr'><strong>I&#39;ar.</strong></span> <span class='ocrx_word' id='word_1_10' title='bbox 1067 312 1104 346; x_wconf 98' lang='grc'><strong>1.</strong></span> <span class='ocrx_word' id='word_1_11' title='bbox 1129 313 1168 348; x_wconf 89' lang='grc'><strong>2.</strong></span> <span class='ocrx_word' id='word_1_12' title='bbox 1191 311 1228 347; x_wconf 85' lang='grc'><strong>6,</strong></span> <span class='ocrx_word' id='word_1_13' title='bbox 1316 306 1450 360; x_wconf 81' lang='lat' dir='ltr'><strong><em>Neque</em></strong></span> <span class='ocrx_word' id='word_1_14' title='bbox 1469 323 1527 346; x_wconf 79' lang='lat' dir='ltr'><strong>en.</strong></span> <span class='ocrx_word' id='word_1_15' title='bbox 1548 310 1639 346; x_wconf 77' lang='lat' dir='ltr'><strong>mir.</strong></span> 
     </span>
     <span class='ocr_line' id='line_1_3' title="bbox 208 370 512 412; baseline 0 -1"><span class='ocrx_word' id='word_1_16' title='bbox 208 371 274 412; x_wconf 79' lang='lat' dir='ltr'><strong>Sic</strong></span> <span class='ocrx_word' id='word_1_17' title='bbox 299 370 389 411; x_wconf 84' lang='lat' dir='ltr'><strong>l’ar.</strong></span> <span class='ocrx_word' id='word_1_18' title='bbox 411 378 448 412; x_wconf 84' lang='lat'><strong>2.</strong></span> <span class='ocrx_word' id='word_1_19' title='bbox 475 377 512 411; x_wconf 89' lang='grc'><strong>6.</strong></span> 
     </span>
    </p>

    <p class='ocr_par' dir='ltr' id='par_1_3' title="bbox 320 437 1105 491">
     <span class='ocr_line' id='line_1_4' title="bbox 320 437 1105 491; baseline 0.003 -13"><span class='ocrx_word' id='word_1_20' title='bbox 320 441 357 490; x_wconf 87' lang='lat'><strong>§.</strong></span> <span class='ocrx_word' id='word_1_21' title='bbox 391 443 481 478; x_wconf 86' lang='grc'><strong>166.</strong></span> <span class='ocrx_word' id='word_1_22' title='bbox 536 437 695 491; x_wconf 66' lang='lat' dir='ltr'><strong>judicis.</strong></span> <span class='ocrx_word' id='word_1_23' title='bbox 738 438 804 478; x_wconf 84' lang='lat' dir='ltr'><strong>Sic</strong></span> <span class='ocrx_word' id='word_1_24' title='bbox 824 439 914 480; x_wconf 79' lang='lat' dir='ltr'><strong>Par.</strong></span> <span class='ocrx_word' id='word_1_25' title='bbox 940 447 977 481; x_wconf 84' lang='lat'><strong>1.</strong></span> <span class='ocrx_word' id='word_1_26' title='bbox 1000 448 1040 482; x_wconf 84' lang='grc'><strong>2.</strong></span> <span class='ocrx_word' id='word_1_27' title='bbox 1069 447 1105 481; x_wconf 88' lang='grc'><strong>6.</strong></span> 
     </span>
    </p>

    <p class='ocr_par' dir='ltr' id='par_1_4' title="bbox 212 505 1645 696">
     <span class='ocr_line' id='line_1_5' title="bbox 322 505 1644 566; baseline 0.002 -21"><span class='ocrx_word' id='word_1_28' title='bbox 322 511 356 560; x_wconf 67' lang='grc' dir='ltr'><strong>ξ.</strong></span> <span class='ocrx_word' id='word_1_29' title='bbox 392 511 484 546; x_wconf 83' lang='grc'><strong>167.</strong></span> <span class='ocrx_word' id='word_1_30' title='bbox 542 505 645 546; x_wconf 83' lang='lat' dir='ltr'><strong>Jam.</strong></span> <span class='ocrx_word' id='word_1_31' title='bbox 686 505 753 546; x_wconf 83' lang='lat' dir='ltr'><strong>Sic</strong></span> <span class='ocrx_word' id='word_1_32' title='bbox 780 506 869 547; x_wconf 82' lang='lat' dir='ltr'><strong>Par.</strong></span> <span class='ocrx_word' id='word_1_33' title='bbox 905 514 937 547; x_wconf 84' lang='lat'><strong>1.</strong></span> <span class='ocrx_word' id='word_1_34' title='bbox 968 515 1006 549; x_wconf 87' lang='lat'><strong>2.</strong></span> <span class='ocrx_word' id='word_1_35' title='bbox 1037 515 1074 550; x_wconf 89' lang='grc'><strong>6.</strong></span> <span class='ocrx_word' id='word_1_36' title='bbox 1135 509 1448 566; x_wconf 75' lang='lat' dir='ltr'><strong><em>[Resupinantur</em></strong></span> <span class='ocrx_word' id='word_1_37' title='bbox 1481 511 1644 549; x_wconf 82' lang='lat' dir='ltr'>omniuo</span> 
     </span>
     <span class='ocr_line' id='line_1_6' title="bbox 212 573 1645 633; baseline 0.001 -20"><span class='ocrx_word' id='word_1_38' title='bbox 212 590 303 614; x_wconf 86' lang='lat' dir='ltr'><strong>cum</strong></span> <span class='ocrx_word' id='word_1_39' title='bbox 338 573 570 626; x_wconf 77' lang='lat' dir='ltr'>Spaldingio</span> <span class='ocrx_word' id='word_1_40' title='bbox 606 576 880 626; x_wconf 81' lang='lat' dir='ltr'>scribendum,</span> <span class='ocrx_word' id='word_1_41' title='bbox 930 581 1007 616; x_wconf 82' lang='lat' dir='ltr'>nisi</span> <span class='ocrx_word' id='word_1_42' title='bbox 1035 580 1136 617; x_wconf 81' lang='lat' dir='ltr'><strong>forte</strong></span> <span class='ocrx_word' id='word_1_43' title='bbox 1179 582 1275 618; x_wconf 83' lang='lat' dir='ltr'><strong>velis</strong></span> <span class='ocrx_word' id='word_1_44' title='bbox 1317 580 1496 632; x_wconf 82' lang='lat' dir='ltr'><em>resupina</em></span> <span class='ocrx_word' id='word_1_45' title='bbox 1523 579 1645 633; x_wconf 75' lang='lat' dir='ltr'><strong>fiunt.</strong></span> 
     </span>
     <span class='ocr_line' id='line_1_7' title="bbox 212 641 940 696; baseline 0 -13"><span class='ocrx_word' id='word_1_46' title='bbox 212 642 315 683; x_wconf 86' lang='lat' dir='ltr'><strong>Nam</strong></span> <span class='ocrx_word' id='word_1_47' title='bbox 345 643 421 680; x_wconf 74' lang='lat' dir='ltr'>tale</span> <span class='ocrx_word' id='word_1_48' title='bbox 441 641 538 694; x_wconf 84' lang='lat' dir='ltr'>quid</span> <span class='ocrx_word' id='word_1_49' title='bbox 559 645 731 693; x_wconf 77' lang='lat' dir='ltr'><strong>postulat</strong></span> <span class='ocrx_word' id='word_1_50' title='bbox 759 643 940 696; x_wconf 66' lang='lat' dir='ltr'><strong><em>sensim]</em></strong></span> 
     </span>
    </p>

    <p class='ocr_par' dir='ltr' id='par_1_5' title="bbox 217 707 1646 817">
     <span class='ocr_line' id='line_1_8' title="bbox 327 707 1646 763; baseline 0.005 -17"><span class='ocrx_word' id='word_1_51' title='bbox 327 710 363 758; x_wconf 58' lang='grc' dir='ltr'><strong>ξ.</strong></span> <span class='ocrx_word' id='word_1_52' title='bbox 398 712 490 747; x_wconf 92' lang='grc'><strong>171.</strong></span> <span class='ocrx_word' id='word_1_53' title='bbox 539 707 688 763; x_wconf 71' lang='lat' dir='ltr'><strong>fitcice.</strong></span> <span class='ocrx_word' id='word_1_54' title='bbox 737 713 802 750; x_wconf 88' lang='lat' dir='ltr'><strong>Sic</strong></span> <span class='ocrx_word' id='word_1_55' title='bbox 833 710 922 751; x_wconf 81' lang='lat' dir='ltr'><strong>Par.</strong></span> <span class='ocrx_word' id='word_1_56' title='bbox 956 718 992 752; x_wconf 92' lang='lat'><strong>1.</strong></span> <span class='ocrx_word' id='word_1_57' title='bbox 1012 719 1050 752; x_wconf 90' lang='grc'><strong>2.</strong></span> <span class='ocrx_word' id='word_1_58' title='bbox 1074 719 1112 751; x_wconf 81' lang='grc'><strong>6.</strong></span> <span class='ocrx_word' id='word_1_59' title='bbox 1199 716 1408 754; x_wconf 79' lang='lat' dir='ltr'><em>imitamur.</em></span> <span class='ocrx_word' id='word_1_60' title='bbox 1459 712 1527 753; x_wconf 82' lang='lat' dir='ltr'><strong>Sic</strong></span> <span class='ocrx_word' id='word_1_61' title='bbox 1557 712 1646 752; x_wconf 80' lang='lat' dir='ltr'><strong>Par.</strong></span> 
     </span>
     <span class='ocr_line' id='line_1_9' title="bbox 217 782 329 817; baseline -0.018 -1"><span class='ocrx_word' id='word_1_62' title='bbox 217 783 254 816; x_wconf 86' lang='lat'><strong>1.</strong></span> <span class='ocrx_word' id='word_1_63' title='bbox 289 782 329 817; x_wconf 83' lang='lat'><strong>2.</strong></span> 
     </span>
    </p>

    <p class='ocr_par' dir='ltr' id='par_1_6' title="bbox 326 844 1595 895">
     <span class='ocr_line' id='line_1_10' title="bbox 326 844 1595 895; baseline 0.004 -13"><span class='ocrx_word' id='word_1_64' title='bbox 326 844 361 895; x_wconf 60' lang='grc' dir='ltr'><strong>ξ.</strong></span> <span class='ocrx_word' id='word_1_65' title='bbox 395 847 488 883; x_wconf 87' lang='grc'><strong>172.</strong></span> <span class='ocrx_word' id='word_1_66' title='bbox 547 854 765 885; x_wconf 71' lang='lat' dir='ltr'><strong>testaretur.</strong></span> <span class='ocrx_word' id='word_1_67' title='bbox 807 845 873 887; x_wconf 81' lang='lat' dir='ltr'><strong>Sic</strong></span> <span class='ocrx_word' id='word_1_68' title='bbox 893 846 982 888; x_wconf 82' lang='lat' dir='ltr'><strong>Par.</strong></span> <span class='ocrx_word' id='word_1_69' title='bbox 1007 853 1044 888; x_wconf 93' lang='grc'><strong>6.</strong></span> <span class='ocrx_word' id='word_1_70' title='bbox 1095 848 1347 888; x_wconf 68' lang='lat' dir='ltr'><strong><em>detestat-einr</em></strong></span> <span class='ocrx_word' id='word_1_71' title='bbox 1374 847 1463 888; x_wconf 80' lang='lat' dir='ltr'><strong>Par.</strong></span> <span class='ocrx_word' id='word_1_72' title='bbox 1494 853 1528 887; x_wconf 90' lang='lat'><strong>1.</strong></span> <span class='ocrx_word' id='word_1_73' title='bbox 1556 853 1595 888; x_wconf 82' lang='lat'><strong>2.</strong></span> 
     </span>
    </p>

    <p class='ocr_par' dir='ltr' id='par_1_7' title="bbox 325 909 1251 963">
     <span class='ocr_line' id='line_1_11' title="bbox 325 909 1251 963; baseline 0.006 -13"><span class='ocrx_word' id='word_1_74' title='bbox 325 913 362 963; x_wconf 84' lang='lat'><strong>§.</strong></span> <span class='ocrx_word' id='word_1_75' title='bbox 395 915 488 951; x_wconf 86' lang='lat'><strong>175.</strong></span> <span class='ocrx_word' id='word_1_76' title='bbox 548 909 751 952; x_wconf 69' lang='lat' dir='ltr'><strong>dicendum</strong></span> <span class='ocrx_word' id='word_1_77' title='bbox 772 925 840 954; x_wconf 77' lang='lat' dir='ltr'><strong>est.</strong></span> <span class='ocrx_word' id='word_1_78' title='bbox 891 914 957 955; x_wconf 82' lang='lat' dir='ltr'><strong>Sic</strong></span> <span class='ocrx_word' id='word_1_79' title='bbox 978 916 1068 956; x_wconf 82' lang='lat' dir='ltr'><strong>Par.</strong></span> <span class='ocrx_word' id='word_1_80' title='bbox 1093 922 1127 956; x_wconf 83' lang='lat'><strong>1.</strong></span> <span class='ocrx_word' id='word_1_81' title='bbox 1150 923 1189 956; x_wconf 84' lang='lat'><strong>2.</strong></span> <span class='ocrx_word' id='word_1_82' title='bbox 1216 921 1251 956; x_wconf 85' lang='grc'><strong>6.</strong></span> 
     </span>
    </p>

    <p class='ocr_par' dir='ltr' id='par_1_8' title="bbox 329 981 1427 1037">
     <span class='ocr_line' id='line_1_12' title="bbox 329 981 1427 1037; baseline 0.004 -20"><span class='ocrx_word' id='word_1_83' title='bbox 329 981 365 1030; x_wconf 87' lang='lat'><strong>§.</strong></span> <span class='ocrx_word' id='word_1_84' title='bbox 400 983 492 1019; x_wconf 86' lang='lat'><strong>177.</strong></span> <span class='ocrx_word' id='word_1_85' title='bbox 554 996 672 1035; x_wconf 79' lang='lat' dir='ltr'><strong><em>neque</em></strong></span> <span class='ocrx_word' id='word_1_86' title='bbox 689 1005 745 1011; x_wconf 90' lang='lat'><strong>—-</strong></span> <span class='ocrx_word' id='word_1_87' title='bbox 767 999 893 1037; x_wconf 72' lang='lat' dir='ltr'><strong>neque.</strong></span> <span class='ocrx_word' id='word_1_88' title='bbox 943 983 1032 1024; x_wconf 78' lang='lat' dir='ltr'><strong>Par.</strong></span> <span class='ocrx_word' id='word_1_89' title='bbox 1061 990 1096 1023; x_wconf 82' lang='lat'><strong>1.</strong></span> <span class='ocrx_word' id='word_1_90' title='bbox 1125 991 1162 1024; x_wconf 84' lang='lat'><strong>2.</strong></span> <span class='ocrx_word' id='word_1_91' title='bbox 1185 1001 1252 1024; x_wconf 81' lang='lat' dir='ltr'><strong>nec</strong></span> <span class='ocrx_word' id='word_1_92' title='bbox 1274 1008 1330 1013; x_wconf 90' lang='lat'>—</span> <span class='ocrx_word' id='word_1_93' title='bbox 1351 1000 1427 1022; x_wconf 85' lang='lat' dir='ltr'><strong>nec.</strong></span> 
     </span>
    </p>

    <p class='ocr_par' dir='ltr' id='par_1_9' title="bbox 332 1047 1201 1098">
     <span class='ocr_line' id='line_1_13' title="bbox 332 1047 1201 1098; baseline 0.008 -14"><span class='ocrx_word' id='word_1_94' title='bbox 332 1047 364 1098; x_wconf 82' lang='lat'><strong>§.</strong></span> <span class='ocrx_word' id='word_1_95' title='bbox 398 1051 490 1086; x_wconf 82' lang='grc'><strong>178.</strong></span> <span class='ocrx_word' id='word_1_96' title='bbox 550 1047 785 1089; x_wconf 74' lang='lat' dir='ltr'><strong>Stratoclea.</strong></span> <span class='ocrx_word' id='word_1_97' title='bbox 828 1049 894 1091; x_wconf 82' lang='lat' dir='ltr'><strong>Sic</strong></span> <span class='ocrx_word' id='word_1_98' title='bbox 924 1050 1013 1090; x_wconf 77' lang='lat' dir='ltr'><strong>Par.</strong></span> <span class='ocrx_word' id='word_1_99' title='bbox 1040 1057 1077 1090; x_wconf 83' lang='lat'><strong>1.</strong></span> <span class='ocrx_word' id='word_1_100' title='bbox 1102 1057 1139 1091; x_wconf 85' lang='lat'><strong>2.</strong></span> <span class='ocrx_word' id='word_1_101' title='bbox 1164 1058 1201 1091; x_wconf 87' lang='grc'><strong>6.</strong></span> 
     </span>
    </p>

    <p class='ocr_par' dir='ltr' id='par_1_10' title="bbox 332 1116 1541 1165">
     <span class='ocr_line' id='line_1_14' title="bbox 332 1116 1541 1165; baseline 0.004 -13"><span class='ocrx_word' id='word_1_102' title='bbox 332 1121 367 1165; x_wconf 54' lang='grc' dir='ltr'><strong>ς.</strong></span> <span class='ocrx_word' id='word_1_103' title='bbox 401 1119 493 1154; x_wconf 82' lang='grc'><strong>183.</strong></span> <span class='ocrx_word' id='word_1_104' title='bbox 555 1119 777 1158; x_wconf 72' lang='lat' dir='ltr'><strong>inotiosam.</strong></span> <span class='ocrx_word' id='word_1_105' title='bbox 819 1117 886 1158; x_wconf 85' lang='lat' dir='ltr'><strong>Sic</strong></span> <span class='ocrx_word' id='word_1_106' title='bbox 904 1117 992 1158; x_wconf 77' lang='lat' dir='ltr'><strong>Par.</strong></span> <span class='ocrx_word' id='word_1_107' title='bbox 1017 1125 1055 1158; x_wconf 91' lang='grc'><strong>2.</strong></span> <span class='ocrx_word' id='word_1_108' title='bbox 1102 1135 1297 1157; x_wconf 80' lang='lat' dir='ltr'><em>morosam</em></span> <span class='ocrx_word' id='word_1_109' title='bbox 1325 1116 1414 1157; x_wconf 82' lang='lat' dir='ltr'><strong>Par.</strong></span> <span class='ocrx_word' id='word_1_110' title='bbox 1444 1123 1479 1157; x_wconf 84' lang='grc'><strong>’1.</strong></span> <span class='ocrx_word' id='word_1_111' title='bbox 1503 1123 1541 1157; x_wconf 90' lang='grc'><strong>6.</strong></span> 
     </span>
    </p>
   </div>
   <div class='ocr_carea' id='block_1_3' title="bbox 331 1183 1570 1238">
    <p class='ocr_par' dir='ltr' id='par_1_11' title="bbox 331 1183 1570 1238">
     <span class='ocr_line' id='line_1_15' title="bbox 331 1183 1570 1238; baseline 0.001 -17"><span class='ocrx_word' id='word_1_112' title='bbox 331 1183 364 1232; x_wconf 61' lang='grc' dir='ltr'><strong>ξ.</strong></span> <span class='ocrx_word' id='word_1_113' title='bbox 400 1183 492 1222; x_wconf 78' lang='grc'><strong>184.</strong></span> <span class='ocrx_word' id='word_1_114' title='bbox 553 1195 588 1222; x_wconf 80' lang='lat' dir='ltr'><strong>ct</strong></span> <span class='ocrx_word' id='word_1_115' title='bbox 611 1188 724 1237; x_wconf 64' lang='lat' dir='ltr'><strong>exig.</strong></span> <span class='ocrx_word' id='word_1_116' title='bbox 765 1184 831 1225; x_wconf 82' lang='lat' dir='ltr'><strong>Sic</strong></span> <span class='ocrx_word' id='word_1_117' title='bbox 852 1186 940 1226; x_wconf 77' lang='lat' dir='ltr'><strong>Par.</strong></span> <span class='ocrx_word' id='word_1_118' title='bbox 968 1192 1027 1233; x_wconf 87' lang='lat'><strong>1.,</strong></span> <span class='ocrx_word' id='word_1_119' title='bbox 1075 1188 1144 1225; x_wconf 80' lang='lat' dir='ltr'><strong>sed</strong></span> <span class='ocrx_word' id='word_1_120' title='bbox 1163 1186 1249 1226; x_wconf 64' lang='grc' dir='ltr'><strong>Γᾶν.</strong></span> <span class='ocrx_word' id='word_1_121' title='bbox 1275 1192 1312 1226; x_wconf 89' lang='grc'><strong>2.</strong></span> <span class='ocrx_word' id='word_1_122' title='bbox 1335 1189 1452 1224; x_wconf 83' lang='lat' dir='ltr'><strong>inser.</strong></span> <span class='ocrx_word' id='word_1_123' title='bbox 1476 1188 1570 1238; x_wconf 80' lang='lat' dir='ltr'><strong>jam.</strong></span> 
     </span>
    </p>
   </div>
   <div class='ocr_carea' id='block_1_4' title="bbox 475 1380 1449 1404">
    <p class='ocr_par' dir='ltr' id='par_1_12' title="bbox 475 1380 1449 1404">
     <span class='ocr_line' id='line_1_16' title="bbox 475 1380 1449 1404; baseline 0.001 -1"><span class='ocrx_word' id='word_1_124' title='bbox 475 1380 1449 1404; x_wconf 29' lang='lat' dir='ltr'><strong>«rm—w*</strong></span> 
     </span>
    </p>
   </div>
   <div class='ocr_carea' id='block_1_5' title="bbox 758 1555 1127 1599">
    <p class='ocr_par' dir='ltr' id='par_1_13' title="bbox 758 1555 1127 1599">
     <span class='ocr_line' id='line_1_17' title="bbox 758 1555 1127 1599; baseline -0.003 0"><span class='ocrx_word' id='word_1_125' title='bbox 758 1557 911 1599; x_wconf 78' lang='lat' dir='ltr'><strong>Llss.</strong></span> <span class='ocrx_word' id='word_1_126' title='bbox 982 1555 1127 1599; x_wconf 85' lang='lat' dir='ltr'><strong>XII.</strong></span> 
     </span>
    </p>
   </div>
   <div class='ocr_carea' id='block_1_6' title="bbox 657 1684 1238 1728">
    <p class='ocr_par' dir='ltr' id='par_1_14' title="bbox 657 1684 1238 1728">
     <span class='ocr_line' id='line_1_18' title="bbox 657 1684 1238 1728; baseline 0 -3"><span class='ocrx_word' id='word_1_127' title='bbox 657 1684 1238 1728; x_wconf 80' lang='lat' dir='ltr'><strong>PROOEMIUM.</strong></span> 
     </span>
    </p>
   </div>
   <div class='ocr_carea' id='block_1_7' title="bbox 217 1786 1667 1972">
    <p class='ocr_par' dir='ltr' id='par_1_15' title="bbox 217 1786 1667 1972">
     <span class='ocr_line' id='line_1_19' title="bbox 339 1786 1667 1842; baseline 0.003 -17"><span class='ocrx_word' id='word_1_128' title='bbox 339 1786 375 1836; x_wconf 84' lang='lat'><strong>§.</strong></span> <span class='ocrx_word' id='word_1_129' title='bbox 406 1792 446 1826; x_wconf 82' lang='lat'><strong>2.</strong></span> <span class='ocrx_word' id='word_1_130' title='bbox 506 1790 649 1841; x_wconf 78' lang='lat' dir='ltr'><em>majori</em></span> <span class='ocrx_word' id='word_1_131' title='bbox 668 1813 722 1818; x_wconf 91' lang='lat'>—</span> <span class='ocrx_word' id='word_1_132' title='bbox 740 1787 840 1828; x_wconf 82' lang='lat' dir='ltr'><em>mole</em></span> <span class='ocrx_word' id='word_1_133' title='bbox 854 1805 1024 1842; x_wconf 76' lang='lat' dir='ltr'><strong>premar.</strong></span> <span class='ocrx_word' id='word_1_134' title='bbox 1055 1788 1122 1829; x_wconf 84' lang='lat' dir='ltr'><strong>Sic</strong></span> <span class='ocrx_word' id='word_1_135' title='bbox 1141 1786 1231 1827; x_wconf 83' lang='lat' dir='ltr'><strong>Par.</strong></span> <span class='ocrx_word' id='word_1_136' title='bbox 1256 1793 1293 1827; x_wconf 89' lang='grc'><strong>1.</strong></span> <span class='ocrx_word' id='word_1_137' title='bbox 1329 1791 1456 1841; x_wconf 68' lang='lat' dir='ltr'><strong><em>major</em></strong></span> <span class='ocrx_word' id='word_1_138' title='bbox 1476 1814 1530 1820; x_wconf 93' lang='lat'><strong>-—</strong></span> <span class='ocrx_word' id='word_1_139' title='bbox 1549 1789 1667 1829; x_wconf 73' lang='lat' dir='ltr'><em>moles</em></span> 
     </span>
     <span class='ocr_line' id='line_1_20' title="bbox 217 1853 623 1907; baseline 0.012 -17"><span class='ocrx_word' id='word_1_140' title='bbox 217 1864 377 1907; x_wconf 63' lang='lat' dir='ltr'><strong>⁴premat</strong></span> <span class='ocrx_word' id='word_1_141' title='bbox 406 1853 495 1894; x_wconf 81' lang='lat' dir='ltr'><strong>Par.</strong></span> <span class='ocrx_word' id='word_1_142' title='bbox 521 1861 559 1895; x_wconf 84' lang='lat'><strong>2.</strong></span> <span class='ocrx_word' id='word_1_143' title='bbox 587 1860 623 1895; x_wconf 83' lang='grc'><strong>6.</strong></span> 
     </span>
     <span class='ocr_line' id='line_1_21' title="bbox 344 1922 1667 1972; baseline 0.002 -10"><span class='ocrx_word' id='word_1_144' title='bbox 344 1923 381 1972; x_wconf 86' lang='lat'><strong>§.</strong></span> <span class='ocrx_word' id='word_1_145' title='bbox 414 1925 451 1962; x_wconf 73' lang='grc'><strong>4.</strong></span> <span class='ocrx_word' id='word_1_146' title='bbox 509 1922 608 1962; x_wconf 76' lang='lat' dir='ltr'><em>velut</em></span> <span class='ocrx_word' id='word_1_147' title='bbox 630 1927 797 1963; x_wconf 69' lang='lat' dir='ltr'><strong>tutioris.</strong></span> <span class='ocrx_word' id='word_1_148' title='bbox 846 1924 936 1964; x_wconf 84' lang='lat' dir='ltr'><strong>Par.</strong></span> <span class='ocrx_word' id='word_1_149' title='bbox 959 1932 998 1965; x_wconf 85' lang='lat'><strong>2.</strong></span> <span class='ocrx_word' id='word_1_150' title='bbox 1020 1935 1053 1963; x_wconf 78' lang='lat' dir='ltr'><strong>ei</strong></span> <span class='ocrx_word' id='word_1_151' title='bbox 1074 1935 1143 1964; x_wconf 76' lang='lat' dir='ltr'><strong>tut.</strong></span> <span class='ocrx_word' id='word_1_152' title='bbox 1191 1923 1280 1964; x_wconf 82' lang='lat' dir='ltr'><strong>Par.</strong></span> <span class='ocrx_word' id='word_1_153' title='bbox 1304 1930 1341 1964; x_wconf 88' lang='lat'><strong>1.</strong></span> <span class='ocrx_word' id='word_1_154' title='bbox 1392 1924 1510 1964; x_wconf 77' lang='lat' dir='ltr'><em>veluti</em></span> <span class='ocrx_word' id='word_1_155' title='bbox 1531 1928 1667 1965; x_wconf 82' lang='lat' dir='ltr'><strong>omnis.</strong></span> 
     </span>
    </p>
   </div>
   <div class='ocr_carea' id='block_1_8' title="bbox 319 1989 1472 2033">
    <p class='ocr_par' dir='ltr' id='par_1_16' title="bbox 319 1989 1472 2033">
     <span class='ocr_line' id='line_1_22' title="bbox 319 1989 1472 2033; baseline 0.004 -6"><span class='ocrx_word' id='word_1_156' title='bbox 319 1989 532 2030; x_wconf 72' lang='lat' dir='ltr'><strong>audentiae.</strong></span> <span class='ocrx_word' id='word_1_157' title='bbox 580 1990 668 2032; x_wconf 79' lang='lat' dir='ltr'><strong>Par.</strong></span> <span class='ocrx_word' id='word_1_158' title='bbox 699 1997 735 2032; x_wconf 86' lang='lat'><strong>1.</strong></span> <span class='ocrx_word' id='word_1_159' title='bbox 757 1998 792 2031; x_wconf 88' lang='grc'><strong>6.</strong></span> <span class='ocrx_word' id='word_1_160' title='bbox 815 1992 1049 2032; x_wconf 74' lang='lat' dir='ltr'><strong>audientiae.</strong></span> <span class='ocrx_word' id='word_1_161' title='bbox 1094 1992 1183 2033; x_wconf 80' lang='lat' dir='ltr'><strong>Par.</strong></span> <span class='ocrx_word' id='word_1_162' title='bbox 1209 1998 1248 2032; x_wconf 91' lang='grc'><strong>2.</strong></span> <span class='ocrx_word' id='word_1_163' title='bbox 1269 1992 1472 2033; x_wconf 76' lang='lat' dir='ltr'><strong>audaciae.</strong></span> 
     </span>
    </p>
   </div>
   <div class='ocr_carea' id='block_1_9' title="bbox 822 2103 1083 2145">
    <p class='ocr_par' dir='ltr' id='par_1_17' title="bbox 822 2103 1083 2145">
     <span class='ocr_line' id='line_1_23' title="bbox 822 2103 1083 2145; baseline 0 -1"><span class='ocrx_word' id='word_1_164' title='bbox 822 2105 983 2145; x_wconf 74' lang='lat' dir='ltr'><strong>CAP.</strong></span> <span class='ocrx_word' id='word_1_165' title='bbox 1051 2103 1083 2144; x_wconf 82' lang='lat' dir='ltr'><strong>l.</strong></span> 
     </span>
    </p>
   </div>
   <div class='ocr_carea' id='block_1_10' title="bbox 235 2189 1675 2586">
    <p class='ocr_par' dir='ltr' id='par_1_18' title="bbox 235 2189 1673 2367">
     <span class='ocr_line' id='line_1_24' title="bbox 348 2189 1672 2249; baseline 0 -17"><span class='ocrx_word' id='word_1_166' title='bbox 348 2196 383 2242; x_wconf 56' lang='grc' dir='ltr'><strong>ᾗ.</strong></span> <span class='ocrx_word' id='word_1_167' title='bbox 418 2199 452 2232; x_wconf 91' lang='grc'><strong>1.</strong></span> <span class='ocrx_word' id='word_1_168' title='bbox 512 2204 545 2232; x_wconf 76' lang='lat' dir='ltr'><strong>et</strong></span> <span class='ocrx_word' id='word_1_169' title='bbox 568 2197 664 2247; x_wconf 70' lang='lat' dir='ltr'><strong>ipsa.</strong></span> <span class='ocrx_word' id='word_1_170' title='bbox 703 2194 771 2235; x_wconf 86' lang='lat' dir='ltr'><strong>Sic</strong></span> <span class='ocrx_word' id='word_1_171' title='bbox 792 2194 882 2234; x_wconf 83' lang='lat' dir='ltr'><strong>Par.</strong></span> <span class='ocrx_word' id='word_1_172' title='bbox 912 2201 949 2235; x_wconf 87' lang='lat'><strong>1.</strong></span> <span class='ocrx_word' id='word_1_173' title='bbox 973 2202 1012 2236; x_wconf 82' lang='lat'><strong>2.</strong></span> <span class='ocrx_word' id='word_1_174' title='bbox 1065 2206 1099 2233; x_wconf 79' lang='lat' dir='ltr'><strong>ct</strong></span> <span class='ocrx_word' id='word_1_175' title='bbox 1132 2189 1255 2249; x_wconf 68' lang='grc' dir='ltr'><strong>ι’ρὲαηι</strong></span> <span class='ocrx_word' id='word_1_176' title='bbox 1284 2195 1373 2235; x_wconf 82' lang='lat' dir='ltr'><strong>Par.</strong></span> <span class='ocrx_word' id='word_1_177' title='bbox 1405 2200 1441 2234; x_wconf 87' lang='grc'><strong>6.</strong></span> <span class='ocrx_word' id='word_1_178' title='bbox 1529 2210 1672 2248; x_wconf 79' lang='lat' dir='ltr'><strong><em>nosque</em></strong></span> 
     </span>
     <span class='ocr_line' id='line_1_25' title="bbox 238 2258 1673 2317; baseline 0.003 -22"><span class='ocrx_word' id='word_1_179' title='bbox 238 2260 324 2311; x_wconf 78' lang='lat' dir='ltr'><strong>ipsi.</strong></span> <span class='ocrx_word' id='word_1_180' title='bbox 365 2258 431 2299; x_wconf 81' lang='lat' dir='ltr'><strong>Sio</strong></span> <span class='ocrx_word' id='word_1_181' title='bbox 450 2258 538 2300; x_wconf 84' lang='lat' dir='ltr'><strong>Par.</strong></span> <span class='ocrx_word' id='word_1_182' title='bbox 566 2267 601 2301; x_wconf 86' lang='lat'><strong>1.</strong></span> <span class='ocrx_word' id='word_1_183' title='bbox 625 2268 662 2302; x_wconf 85' lang='lat'><strong>2.</strong></span> <span class='ocrx_word' id='word_1_184' title='bbox 683 2267 719 2302; x_wconf 81' lang='grc'><strong>6.</strong></span> <span class='ocrx_word' id='word_1_185' title='bbox 811 2279 1092 2317; x_wconf 73' lang='lat' dir='ltr'><strong>comparamus.</strong></span> <span class='ocrx_word' id='word_1_186' title='bbox 1133 2262 1201 2303; x_wconf 80' lang='lat' dir='ltr'><strong>Sic</strong></span> <span class='ocrx_word' id='word_1_187' title='bbox 1220 2263 1308 2303; x_wconf 80' lang='lat' dir='ltr'><strong>Par.</strong></span> <span class='ocrx_word' id='word_1_188' title='bbox 1327 2268 1363 2302; x_wconf 82' lang='grc'><strong>6.</strong></span> <span class='ocrx_word' id='word_1_189' title='bbox 1409 2277 1673 2316; x_wconf 79' lang='lat' dir='ltr'><strong><em>comparemus</em></strong></span> 
     </span>
     <span class='ocr_line' id='line_1_26' title="bbox 235 2324 455 2367; baseline 0.009 -2"><span class='ocrx_word' id='word_1_190' title='bbox 235 2324 324 2366; x_wconf 82' lang='lat' dir='ltr'><strong>Par.</strong></span> <span class='ocrx_word' id='word_1_191' title='bbox 352 2331 390 2366; x_wconf 85' lang='lat'><strong>1.</strong></span> <span class='ocrx_word' id='word_1_192' title='bbox 416 2333 455 2367; x_wconf 84' lang='lat'><strong>2.</strong></span> 
     </span>
    </p>

    <p class='ocr_par' dir='ltr' id='par_1_19' title="bbox 350 2394 1284 2453">
     <span class='ocr_line' id='line_1_27' title="bbox 350 2394 1284 2453; baseline 0.004 -20"><span class='ocrx_word' id='word_1_193' title='bbox 350 2394 385 2444; x_wconf 83' lang='lat'><strong>§.</strong></span> <span class='ocrx_word' id='word_1_194' title='bbox 418 2401 458 2434; x_wconf 90' lang='grc'><strong>2.</strong></span> <span class='ocrx_word' id='word_1_195' title='bbox 518 2399 555 2434; x_wconf 79' lang='lat' dir='ltr'><strong>in</strong></span> <span class='ocrx_word' id='word_1_196' title='bbox 575 2414 636 2446; x_wconf 80' lang='lat' dir='ltr'><strong>eo,</strong></span> <span class='ocrx_word' id='word_1_197' title='bbox 667 2416 751 2453; x_wconf 81' lang='lat' dir='ltr'><strong>quo.</strong></span> <span class='ocrx_word' id='word_1_198' title='bbox 800 2398 887 2438; x_wconf 79' lang='lat' dir='ltr'><strong>Par.</strong></span> <span class='ocrx_word' id='word_1_199' title='bbox 923 2403 959 2437; x_wconf 89' lang='lat'><strong>1.</strong></span> <span class='ocrx_word' id='word_1_200' title='bbox 991 2404 1028 2438; x_wconf 85' lang='lat'><strong>2.</strong></span> <span class='ocrx_word' id='word_1_201' title='bbox 1065 2401 1089 2437; x_wconf 83' lang='lat' dir='ltr'><strong>i.</strong></span> <span class='ocrx_word' id='word_1_202' title='bbox 1113 2415 1144 2437; x_wconf 83' lang='lat' dir='ltr'><strong>e.</strong></span> <span class='ocrx_word' id='word_1_203' title='bbox 1170 2398 1284 2451; x_wconf 65' lang='grc' dir='ltr'><strong>(μισεῖ.</strong></span> 
     </span>
    </p>

    <p class='ocr_par' dir='ltr' id='par_1_20' title="bbox 244 2464 1675 2586">
     <span class='ocr_line' id='line_1_28' title="bbox 351 2464 1675 2512; baseline 0 -12"><span class='ocrx_word' id='word_1_204' title='bbox 351 2464 386 2512; x_wconf 82' lang='lat'><strong>§.</strong></span> <span class='ocrx_word' id='word_1_205' title='bbox 423 2467 461 2501; x_wconf 90' lang='lat'><strong>3.</strong></span> <span class='ocrx_word' id='word_1_206' title='bbox 519 2464 673 2505; x_wconf 75' lang='lat' dir='ltr'><strong>malent.</strong></span> <span class='ocrx_word' id='word_1_207' title='bbox 721 2465 810 2505; x_wconf 82' lang='lat' dir='ltr'><strong>Par.</strong></span> <span class='ocrx_word' id='word_1_208' title='bbox 833 2470 869 2504; x_wconf 87' lang='grc'><strong>6.</strong></span> <span class='ocrx_word' id='word_1_209' title='bbox 892 2465 1063 2505; x_wconf 73' lang='lat' dir='ltr'><strong>mallent.</strong></span> <span class='ocrx_word' id='word_1_210' title='bbox 1107 2464 1195 2505; x_wconf 77' lang='lat' dir='ltr'><strong>Par.</strong></span> <span class='ocrx_word' id='word_1_211' title='bbox 1219 2471 1256 2505; x_wconf 83' lang='lat'><strong>1.</strong></span> <span class='ocrx_word' id='word_1_212' title='bbox 1279 2472 1318 2506; x_wconf 84' lang='lat'><strong>2.</strong></span> <span class='ocrx_word' id='word_1_213' title='bbox 1342 2464 1503 2504; x_wconf 71' lang='lat' dir='ltr'><strong>malunt.</strong></span> <span class='ocrx_word' id='word_1_214' title='bbox 1591 2478 1675 2501; x_wconf 74' lang='lat' dir='ltr'><strong>cum</strong></span> 
     </span>
     <span class='ocr_line' id='line_1_29' title="bbox 244 2527 1154 2586; baseline 0.009 -21"><span class='ocrx_word' id='word_1_215' title='bbox 244 2529 293 2567; x_wconf 78' lang='lat' dir='ltr'><strong>in.</strong></span> <span class='ocrx_word' id='word_1_216' title='bbox 335 2527 402 2568; x_wconf 79' lang='lat' dir='ltr'><strong>Sic</strong></span> <span class='ocrx_word' id='word_1_217' title='bbox 424 2529 514 2570; x_wconf 81' lang='lat' dir='ltr'><strong>Par.</strong></span> <span class='ocrx_word' id='word_1_218' title='bbox 537 2536 574 2570; x_wconf 89' lang='lat'><strong>1.</strong></span> <span class='ocrx_word' id='word_1_219' title='bbox 602 2537 639 2572; x_wconf 84' lang='lat'><strong>6.</strong></span> <span class='ocrx_word' id='word_1_220' title='bbox 689 2536 756 2586; x_wconf 78' lang='lat' dir='ltr'><strong>qui</strong></span> <span class='ocrx_word' id='word_1_221' title='bbox 775 2535 813 2571; x_wconf 81' lang='grc' dir='ltr'><strong>ἰη</strong></span> <span class='ocrx_word' id='word_1_222' title='bbox 833 2532 920 2572; x_wconf 83' lang='lat' dir='ltr'><strong>Par.</strong></span> <span class='ocrx_word' id='word_1_223' title='bbox 943 2539 980 2573; x_wconf 81' lang='lat'><strong>2.</strong></span> <span class='ocrx_word' id='word_1_224' title='bbox 1002 2549 1077 2572; x_wconf 84' lang='lat' dir='ltr'><strong>sec.</strong></span> <span class='ocrx_word' id='word_1_225' title='bbox 1101 2548 1154 2573; x_wconf 86' lang='lat' dir='ltr'><strong>m.</strong></span> 
     </span>
    </p>
   </div>
   <div class='ocr_carea' id='block_1_11' title="bbox 242 2597 1674 2714">
    <p class='ocr_par' dir='ltr' id='par_1_21' title="bbox 242 2597 1674 2714">
     <span class='ocr_line' id='line_1_30' title="bbox 355 2597 1674 2654; baseline -0.001 -19"><span class='ocrx_word' id='word_1_226' title='bbox 355 2597 391 2645; x_wconf 87' lang='lat'><strong>§.</strong></span> <span class='ocrx_word' id='word_1_227' title='bbox 425 2602 462 2637; x_wconf 83' lang='grc'><strong>6.</strong></span> <span class='ocrx_word' id='word_1_228' title='bbox 522 2609 556 2636; x_wconf 79' lang='lat' dir='ltr'><strong>et</strong></span> <span class='ocrx_word' id='word_1_229' title='bbox 575 2598 656 2638; x_wconf 74' lang='lat' dir='ltr'><strong>illa.</strong></span> <span class='ocrx_word' id='word_1_230' title='bbox 705 2599 771 2640; x_wconf 80' lang='lat' dir='ltr'><strong>Sic</strong></span> <span class='ocrx_word' id='word_1_231' title='bbox 794 2599 884 2640; x_wconf 81' lang='lat' dir='ltr'><strong>Par.</strong></span> <span class='ocrx_word' id='word_1_232' title='bbox 911 2605 945 2639; x_wconf 83' lang='lat'><strong>1.</strong></span> <span class='ocrx_word' id='word_1_233' title='bbox 969 2606 1006 2639; x_wconf 82' lang='lat'><strong>2.</strong></span> <span class='ocrx_word' id='word_1_234' title='bbox 1108 2600 1348 2654; x_wconf 70' lang='lat' dir='ltr'><strong>perturbant.</strong></span> <span class='ocrx_word' id='word_1_235' title='bbox 1397 2599 1486 2639; x_wconf 83' lang='lat' dir='ltr'><strong>Par.</strong></span> <span class='ocrx_word' id='word_1_236' title='bbox 1517 2603 1553 2637; x_wconf 88' lang='lat'><strong>1.</strong></span> <span class='ocrx_word' id='word_1_237' title='bbox 1577 2602 1615 2637; x_wconf 89' lang='lat'><strong>2.</strong></span> <span class='ocrx_word' id='word_1_238' title='bbox 1637 2601 1674 2634; x_wconf 87' lang='lat'><strong>6.</strong></span> 
     </span>
     <span class='ocr_line' id='line_1_31' title="bbox 242 2664 475 2714; baseline 0.017 -15"><span class='ocrx_word' id='word_1_239' title='bbox 242 2664 475 2714; x_wconf 74' lang='lat' dir='ltr'><strong>perturbent.</strong></span> 
     </span>
    </p>
   </div>
  </div>
 </body>
</html>
