1775 3091
222 261 267 296 11
277 261 300 295 6
518 285 520 287 .
653 253 923 309 Supplemento
952 263 1092 293 annor-a
1099 254 1214 294 tionis

331 373 369 422 §.
404 374 469 409 11.
527 371 738 409 orationem
763 368 912 420 primus
941 368 1121 406 omnium.
1176 382 1239 420 pr.
1269 381 1370 405 omn.
1400 375 1502 405 orat.
1532 364 1653 406 Goth.

221 453 314 478 cum
349 438 458 479 Jens.
502 447 540 476 et
578 445 739 489 posterr.
777 443 871 473 ante
909 433 1126 474 Stoerium.
1239 433 1378 472 Artem
1407 444 1440 472 et
1469 435 1563 487 ipse.
1621 445 1657 472 et

222 509 352 547 omitt.
394 506 483 544 edd.
524 507 673 556 aliquot
712 511 877 541 recentt.
915 502 1009 540 inde
1047 516 1071 540 a
1101 499 1316 551 Colinaeo;
1365 512 1399 539 et
1426 510 1548 539 artem
1576 503 1657 554 ipse

221 573 346 614 Amb.
371 578 408 612 1.
467 570 663 622 Recepta,
701 578 855 621 praeter
885 571 1006 616 alios,
1047 575 1103 607 est
1122 571 1166 606 in
1186 566 1307 608 Paris.
1333 573 1370 607 1.
1391 574 1430 608 2.
1453 571 1492 607 3.
1518 566 1658 621 Camp.

307 656 361 679 ex
391 642 455 678 iis.
525 651 579 675 esc
620 636 680 674 his
720 634 827 676 Flor.
865 635 990 675 Amb.
1030 640 1067 676 1.
1109 634 1248 688 Camp.
1287 633 1395 675 Jens.
1427 643 1466 674 et
1493 645 1657 688 posterr.

225 718 316 747 ante
346 705 521 759 Gryph.,
565 718 650 742 exc.
682 701 785 742 Bad.
820 701 971 743 Cervic.
1086 700 1414 757 λογοδαιὸάλους.
1475 701 1659 755 Zogodae-

225 774 338 813 dalos
363 774 494 812 latinis
523 773 662 809 litteris
691 769 827 809 Turio.
862 767 983 809 Amb.
1005 775 1043 810 1.
1075 779 1114 809 et
1141 773 1209 809 alii
1238 770 1352 810 codd.
1385 778 1424 808 et
1456 769 1546 809 edd.

337 842 372 892 §.
405 844 471 881 12.
528 838 775 890 Protagoras
815 857 861 865 -
912 836 1244 891 Thrasymachus.
1303 836 1412 876 Haec
1446 840 1501 876 ita
1537 837 1659 878 habet

223 908 344 950 Amb.
386 912 422 947 1.
458 915 709 960 protagoras,
761 906 946 956 gorgias,
996 904 1174 958 qfflctus.
1239 903 1436 956 prodicus.
1491 903 1658 957 hippias.

223 988 258 1015 et
304 974 406 1013 idem
443 983 680 1028 protagoras
719 981 756 1010 et
785 974 1028 1011 trasimacus.
1087 967 1256 1023 Insignis
1293 971 1483 1022 scriptura
1520 974 1661 1024 optimi

225 1045 318 1082 libri
355 1044 489 1081 lucem
542 1042 683 1091 accipit
722 1054 744 1077 a
792 1037 896 1078 Plat.
961 1038 1132 1078 Phaedr.
1164 1053 1210 1090 ‘p-
1251 1041 1347 1078 267.
1387 1053 1444 1086 c.,
1491 1041 1562 1092 qui
1599 1040 1661 1079 di-

222 1118 325 1151 sexte
366 1109 510 1158 tradit,
560 1105 908 1160 Thrasymachum
945 1107 1148 1145 affectibus
1196 1104 1403 1143 movendis
1451 1107 1659 1148 studuisse.

312 1175 514 1216 Periclem.
576 1172 754 1212 Periclea
791 1182 847 1211 est
886 1175 1003 1211 etiam
1039 1175 1083 1211 in
1113 1171 1219 1211 Flor.
1257 1170 1383 1210 Amb.
1407 1177 1443 1212 1.
1465 1179 1505 1213 2.
1535 1173 1657 1216 Paris.

226 1249 266 1283 1.
286 1248 325 1282 3.
356 1241 494 1294 Camp.
555 1239 649 1294 [Cf.
680 1242 730 1280 ad
758 1243 848 1281 libr.
872 1237 970 1288 XII,
994 1245 1058 1287 10,
1079 1239 1132 1280 24
1163 1249 1202 1279 et
1232 1238 1442 1279 Schneider
1459 1240 1660 1283 Element.

224 1309 278 1351 L.
298 1308 349 1350 L.
378 1325 418 1362 p.
439 1307 558 1359 296]
675 1310 836 1362 reperio.
885 1310 1057 1361 repperio
1090 1306 1226 1347 Turio.
1259 1317 1297 1346 et
1321 1310 1376 1346 ita
1405 1311 1572 1361 saepius.

225 1388 339 1417 tanta
367 1376 602 1429 eloquentiae
618 1375 755 1431 fama.
814 1385 945 1413 tantae
973 1374 1071 1428 eloq.
1090 1373 1136 1430 f.
1175 1372 1294 1414 Amb.
1327 1380 1364 1413 1.
1403 1373 1522 1414 Voss.
1549 1382 1590 1415 2.
1620 1381 1660 1416 3.

226 1444 318 1485 Bal.
361 1442 469 1496 (non
505 1442 648 1494 Bodl„
694 1452 739 1482 ut
776 1451 910 1481 narrat
950 1440 1120 1497 Burm.)
1160 1457 1253 1481 cum
1289 1440 1398 1482 Jens.
1432 1451 1473 1482 et
1496 1452 1659 1495 posterr.

227 1520 320 1551 ante
351 1507 529 1563 Gryph.‚
572 1525 658 1549 exc.
688 1508 784 1549 AJd.

339 1579 376 1629 §.
408 1582 474 1617 13.
532 1591 757 1617 successere.
791 1587 1051 1615 successerunt
1081 1574 1218 1628 Camp.
1333 1575 1394 1614 his
1423 1579 1491 1630 qui
1507 1593 1659 1616 succes-

227 1655 356 1683 serunt
384 1643 505 1684 Paris.
531 1649 568 1684 1.
683 1643 915 1683 auditorum.
967 1643 1123 1682 auditor
1154 1641 1276 1682 Goth.
1309 1640 1444 1682 Guelf.
1474 1643 1591 1684 Voss.
1616 1650 1657 1684 2.

229 1711 368 1763 Camp.
408 1709 538 1750 Andr.
583 1709 692 1750 Jens.
740 1720 779 1749 et
814 1720 915 1763 post.
957 1720 1048 1750 ante
1092 1709 1304 1749 Stoerium.
1370 1708 1533 1765 Reliqui
1566 1714 1659 1750 libri

226 1781 415 1828 silentur,
462 1778 531 1816 sed
569 1778 791 1817 defendunt
836 1778 946 1816 haud
990 1779 1110 1816 dubie
1147 1788 1358 1831 receptam.
1472 1781 1657 1818 convenit.

227 1847 428 1884 conveniat
459 1842 598 1896 Camp.

343 1912 379 1961 §.
415 1911 479 1950 14.
537 1911 644 1949 Nam
682 1920 716 1948 et
755 1909 958 1950 Isocratis.
1027 1921 1060 1948 et
1101 1925 1180 1951 om.
1218 1910 1359 1952 Burm.
1389 1928 1459 1966 per
1489 1928 1660 1953 errorem

229 1993 465 2031 operarum,
505 1992 624 2032 quem
655 1981 836 2031 repetivit
875 1976 995 2017 Gesn.
1054 1989 1087 2016 et
1118 1982 1233 2017 estin
1253 1979 1386 2020 Turic.
1407 1980 1514 2020 Flor.
1535 1979 1658 2021 Goth.

230 2043 364 2085 Guelf.
394 2044 518 2084 Amb.
545 2051 585 2085 2.
626 2043 763 2096 Camp.
799 2054 837 2083 et
875 2045 964 2084 edd.
1006 2048 1204 2085 omnibus.
1314 2047 1496 2102 implevit.
1554 2062 1658 2086 com-

229 2112 347 2166 plevit
374 2109 496 2152 Goth.
530 2127 623 2151 clun
649 2111 766 2151 Voss.
795 2117 859 2163 2.,
899 2115 987 2152 soli.
1096 2113 1386 2167 pomeridianis.
1430 2113 1657 2167 postmericl.

230 2178 351 2218 BodJ.
384 2177 517 2218 Guelf.
547 2178 671 2219 Amb.
695 2185 734 2219 2.
764 2177 880 2219 Voss.
902 2185 938 2219 1.
971 2178 1108 2232 Camp.
1130 2179 1238 2219 Jens.
1259 2179 1377 2220 Tarv.
1400 2179 1508 2220 Ven.
1527 2179 1656 2232 Ald.;

231 2247 390 2285 reduxit
417 2247 521 2285 hanc
549 2249 781 2299 scripturam
811 2244 911 2286 Obr.
1023 2246 1092 2286 illo
1122 2261 1201 2286 om.
1229 2247 1336 2286 Flor.
1365 2262 1388 2286 a
1415 2263 1474 2300 pr.
1504 2262 1561 2287 m.

232 2316 410 2369 σιωπᾷν,
441 2312 505 2352 καὶ
529 2311 600 2353 'Io'-
655 2311 737 2363 Ita,
770 2315 910 2352 omisso
938 2311 1036 2365 μὲν,
1068 2317 1189 2353 etiam
1216 2311 1322 2353 Flor.
1355 2313 1492 2367 Camp.
1548 2313 1656 2353 Ver-

230 2394 321 2419 sum
358 2393 543 2432 graecum
586 2383 771 2419 omittunt
809 2383 928 2418 etiam
968 2379 1094 2420 Aan.
1126 2386 1162 2420 1.
1196 2386 1236 2421 2.
1277 2381 1352 2432 (cf.
1393 2380 1530 2434 Spald.
1569 2390 1656 2421 not.

233 2445 376 2500 exeg.)
430 2444 677 2499 Ἰσοκράτην.
727 2443 937 2499 Ἰσοκράτη
977 2446 1084 2487 Flor.
1124 2463 1216 2487 culn
1246 2446 1378 2488 Guelf.
1438 2439 1662 2501 [Ceterum

232 2516 349 2551 metri
376 2516 562 2553 vitiositas
581 2516 694 2552 nulla
712 2512 867 2552 videtur
886 2528 980 2564 esse,
1004 2517 1195 2568 quoniam
1223 2516 1286 2555 καὶ
1309 2530 1401 2555 cum
1432 2517 1654 2568 insequenti

233 2581 363 2617 vocali
393 2583 541 2631 crasin,
581 2595 701 2634 quam
727 2583 971 2632 gssainmatici
997 2582 1156 2633 dicunt,
1188 2585 1330 2634 efficit,
1361 2591 1401 2622 et
1427 2589 1656 2633 anapaestus

235 2646 280 2681 in
317 2655 453 2698 quarta
489 2648 580 2685 sede
619 2649 734 2686 facile
774 2650 952 2685 excusari
987 2658 1139 2700 potest,
1190 2653 1336 2704 quippe
1364 2651 1534 2688 nominis
1561 2662 1655 2699 pro-

235 2712 326 2764 prii.
381 2710 444 2753 Cf.
481 2710 716 2756 Buttmann.
754 2728 920 2768 gramm.
960 2711 1100 2757 Graec.
1141 2719 1312 2771 ampliss.
1350 2731 1391 2770 p.
1422 2720 1501 2757 122
1537 2712 1653 2767 not.]
