<?xml version="1.0" encoding="UTF-8"?>
<!DOCTYPE html PUBLIC "-//W3C//DTD XHTML 1.0 Transitional//EN"
    "http://www.w3.org/TR/xhtml1/DTD/xhtml1-transitional.dtd">
<html xmlns="http://www.w3.org/1999/xhtml" xml:lang="en" lang="en">
 <head>
  <title>
</title>
<meta http-equiv="Content-Type" content="text/html;charset=utf-8" />
  <meta name='ocr-system' content='tesseract 3.04.00' />
  <meta name='ocr-capabilities' content='ocr_page ocr_carea ocr_par ocr_line ocrx_word'/>
</head>
<body>
  <div class='ocr_page' id='page_1' title='image "./lexiconquintilia05bonnuoft_0387.png"; bbox 0 0 1775 3091; ppageno 0'>
   <div class='ocr_carea' id='block_1_1' title="bbox 417 237 1585 294">
    <p class='ocr_par' dir='ltr' id='par_1_1' title="bbox 417 237 1585 294">
     <span class='ocr_line' id='line_1_1' title="bbox 417 237 1585 294; baseline -0.001 -13"><span class='ocrx_word' id='word_1_1' title='bbox 417 240 470 281; x_wconf 76' lang='lat' dir='ltr'><strong><em>acl</em></strong></span> <span class='ocrx_word' id='word_1_2' title='bbox 502 239 662 294; x_wconf 72' lang='lat' dir='ltr'><strong><em>Quintil.</em></strong></span> <span class='ocrx_word' id='word_1_3' title='bbox 693 239 825 280; x_wconf 75' lang='lat' dir='ltr'><strong><em>Instit.</em></strong></span> <span class='ocrx_word' id='word_1_4' title='bbox 858 237 935 288; x_wconf 77' lang='lat' dir='ltr'><strong><em>VJ,</em></strong></span> <span class='ocrx_word' id='word_1_5' title='bbox 968 243 1006 278; x_wconf 85' lang='lat'><strong><em>3.</em></strong></span> <span class='ocrx_word' id='word_1_6' title='bbox 1045 239 1081 290; x_wconf 59' lang='grc' dir='ltr'><strong><em>ξ.</em></strong></span> <span class='ocrx_word' id='word_1_7' title='bbox 1113 237 1308 279; x_wconf 72' lang='grc'><strong><em>33-47,</em></strong></span> <span class='ocrx_word' id='word_1_8' title='bbox 1504 243 1585 280; x_wconf 84' lang='grc'><strong><em>333</em></strong></span> 
     </span>
    </p>
   </div>
   <div class='ocr_carea' id='block_1_2' title="bbox 142 349 1587 599">
    <p class='ocr_par' dir='ltr' id='par_1_2' title="bbox 144 349 1586 472">
     <span class='ocr_line' id='line_1_2' title="bbox 144 349 1586 396; baseline -0.001 -2"><span class='ocrx_word' id='word_1_9' title='bbox 144 353 330 396; x_wconf 71' lang='lat' dir='ltr'><strong><em>orandae.</em></strong></span> <span class='ocrx_word' id='word_1_10' title='bbox 446 355 624 395; x_wconf 76' lang='lat' dir='ltr'><strong><em>demisso.</em></strong></span> <span class='ocrx_word' id='word_1_11' title='bbox 673 352 798 395; x_wconf 87' lang='lat' dir='ltr'><strong><em>Amb.</em></strong></span> <span class='ocrx_word' id='word_1_12' title='bbox 824 358 861 394; x_wconf 86' lang='lat'><strong><em>1.</em></strong></span> <span class='ocrx_word' id='word_1_13' title='bbox 902 355 1023 392; x_wconf 81' lang='lat' dir='ltr'><strong>etlam</strong></span> <span class='ocrx_word' id='word_1_14' title='bbox 1051 350 1224 392; x_wconf 77' lang='lat' dir='ltr'><strong><em>dimisso.</em></strong></span> <span class='ocrx_word' id='word_1_15' title='bbox 1337 349 1586 394; x_wconf 68' lang='lat' dir='ltr'><strong><em>discesserat.</em></strong></span> 
     </span>
     <span class='ocr_line' id='line_1_3' title="bbox 144 419 1474 472; baseline -0.002 -9"><span class='ocrx_word' id='word_1_16' title='bbox 144 420 280 463; x_wconf 84' lang='lat' dir='ltr'><strong><em>Guelf.</em></strong></span> <span class='ocrx_word' id='word_1_17' title='bbox 310 422 494 463; x_wconf 72' lang='lat' dir='ltr'><strong><em>disce-rat.</em></strong></span> <span class='ocrx_word' id='word_1_18' title='bbox 610 424 821 461; x_wconf 75' lang='lat' dir='ltr'><em>recessisse.</em></span> <span class='ocrx_word' id='word_1_19' title='bbox 879 419 1016 460; x_wconf 82' lang='lat' dir='ltr'>Turio.</span> <span class='ocrx_word' id='word_1_20' title='bbox 1048 434 1071 458; x_wconf 85' lang='lat' dir='ltr'>a</span> <span class='ocrx_word' id='word_1_21' title='bbox 1089 435 1148 472; x_wconf 87' lang='lat' dir='ltr'><strong><em>pr.</em></strong></span> <span class='ocrx_word' id='word_1_22' title='bbox 1169 434 1226 459; x_wconf 87' lang='lat' dir='ltr'><strong><em>m.</em></strong></span> <span class='ocrx_word' id='word_1_23' title='bbox 1255 422 1474 460; x_wconf 83' lang='lat' dir='ltr'><strong><em>recensisse.</em></strong></span> 
     </span>
    </p>

    <p class='ocr_par' dir='ltr' id='par_1_3' title="bbox 142 485 1587 599">
     <span class='ocr_line' id='line_1_4' title="bbox 256 485 1587 543; baseline -0.002 -11"><span class='ocrx_word' id='word_1_24' title='bbox 256 492 293 543; x_wconf 89' lang='lat'><strong><em>§.</em></strong></span> <span class='ocrx_word' id='word_1_25' title='bbox 326 493 389 530; x_wconf 87' lang='grc'><strong><em>41.</em></strong></span> <span class='ocrx_word' id='word_1_26' title='bbox 450 490 563 530; x_wconf 69' lang='lat' dir='ltr'><strong><em>illud.</em></strong></span> <span class='ocrx_word' id='word_1_27' title='bbox 619 488 728 528; x_wconf 73' lang='lat' dir='ltr'>Flor.</span> <span class='ocrx_word' id='word_1_28' title='bbox 760 503 782 527; x_wconf 82' lang='lat' dir='ltr'>a</span> <span class='ocrx_word' id='word_1_29' title='bbox 803 503 861 541; x_wconf 89' lang='lat' dir='ltr'><strong><em>pr.</em></strong></span> <span class='ocrx_word' id='word_1_30' title='bbox 887 503 941 526; x_wconf 90' lang='lat' dir='ltr'><strong><em>m.</em></strong></span> <span class='ocrx_word' id='word_1_31' title='bbox 975 503 1132 542; x_wconf 85' lang='lat' dir='ltr'>quoque</span> <span class='ocrx_word' id='word_1_32' title='bbox 1163 485 1286 527; x_wconf 76' lang='lat' dir='ltr'><strong><em>illum.</em></strong></span> <span class='ocrx_word' id='word_1_33' title='bbox 1370 487 1469 528; x_wconf 73' lang='lat' dir='ltr'><strong><em>Hic.</em></strong></span> <span class='ocrx_word' id='word_1_34' title='bbox 1519 486 1587 529; x_wconf 82' lang='lat' dir='ltr'><strong><em>Sic</em></strong></span> 
     </span>
     <span class='ocr_line' id='line_1_5' title="bbox 142 552 1235 599; baseline -0.003 -2"><span class='ocrx_word' id='word_1_35' title='bbox 142 560 263 598; x_wconf 79' lang='lat' dir='ltr'>etiam</span> <span class='ocrx_word' id='word_1_36' title='bbox 290 559 398 599; x_wconf 86' lang='lat' dir='ltr'><strong><em>Flor.</em></strong></span> <span class='ocrx_word' id='word_1_37' title='bbox 425 557 516 598; x_wconf 82' lang='lat' dir='ltr'><strong><em>Par.</em></strong></span> <span class='ocrx_word' id='word_1_38' title='bbox 542 562 578 597; x_wconf 91' lang='lat'><strong><em>1.</em></strong></span> <span class='ocrx_word' id='word_1_39' title='bbox 691 555 860 595; x_wconf 76' lang='lat' dir='ltr'><strong><em>Ariona.</em></strong></span> <span class='ocrx_word' id='word_1_40' title='bbox 919 552 1053 595; x_wconf 84' lang='lat' dir='ltr'><strong><em>Guelf.</em></strong></span> <span class='ocrx_word' id='word_1_41' title='bbox 1086 558 1235 594; x_wconf 78' lang='lat' dir='ltr'><strong><em>oriona.</em></strong></span> 
     </span>
    </p>
   </div>
   <div class='ocr_carea' id='block_1_3' title="bbox 145 619 1589 749">
    <p class='ocr_par' dir='ltr' id='par_1_4' title="bbox 145 619 1589 749">
     <span class='ocr_line' id='line_1_6' title="bbox 256 619 1587 677; baseline -0.002 -12"><span class='ocrx_word' id='word_1_42' title='bbox 256 627 291 677; x_wconf 61' lang='grc' dir='ltr'><strong><em>ξ.</em></strong></span> <span class='ocrx_word' id='word_1_43' title='bbox 317 628 385 667; x_wconf 85' lang='grc'><strong><em>42.</em></strong></span> <span class='ocrx_word' id='word_1_44' title='bbox 435 625 701 665; x_wconf 73' lang='lat' dir='ltr'><strong><em>dicacitatem.</em></strong></span> <span class='ocrx_word' id='word_1_45' title='bbox 740 622 877 663; x_wconf 83' lang='lat' dir='ltr'>Turio.</span> <span class='ocrx_word' id='word_1_46' title='bbox 909 622 1160 662; x_wconf 69' lang='lat' dir='ltr'><strong><em>clicatitatem.</em></strong></span> <span class='ocrx_word' id='word_1_47' title='bbox 1238 620 1432 675; x_wconf 72' lang='lat' dir='ltr'><strong><em>jaciendo.</em></strong></span> <span class='ocrx_word' id='word_1_48' title='bbox 1462 619 1587 663; x_wconf 85' lang='lat' dir='ltr'><strong><em>Amb.</em></strong></span> 
     </span>
     <span class='ocr_line' id='line_1_7' title="bbox 145 688 1589 749; baseline -0.003 -17"><span class='ocrx_word' id='word_1_49' title='bbox 145 697 184 732; x_wconf 91' lang='lat'><strong><em>1.</em></strong></span> <span class='ocrx_word' id='word_1_50' title='bbox 217 692 325 733; x_wconf 86' lang='lat' dir='ltr'>Flor.</span> <span class='ocrx_word' id='word_1_51' title='bbox 350 692 553 749; x_wconf 76' lang='lat' dir='ltr'><strong><em>faciendo.</em></strong></span> <span class='ocrx_word' id='word_1_52' title='bbox 651 694 830 730; x_wconf 76' lang='lat' dir='ltr'><strong><em>insertae.</em></strong></span> <span class='ocrx_word' id='word_1_53' title='bbox 880 688 1005 730; x_wconf 90' lang='lat' dir='ltr'><strong><em>Amb.</em></strong></span> <span class='ocrx_word' id='word_1_54' title='bbox 1031 695 1069 729; x_wconf 88' lang='lat'><strong><em>1.</em></strong></span> <span class='ocrx_word' id='word_1_55' title='bbox 1101 689 1280 746; x_wconf 67' lang='lat' dir='ltr'><strong><em>inferiae.</em></strong></span> <span class='ocrx_word' id='word_1_56' title='bbox 1377 688 1456 730; x_wconf 74' lang='lat' dir='ltr'><strong><em>secl.</em></strong></span> <span class='ocrx_word' id='word_1_57' title='bbox 1497 689 1589 729; x_wconf 87' lang='lat' dir='ltr'><strong><em>Tu-</em></strong></span> 
     </span>
    </p>
   </div>
   <div class='ocr_carea' id='block_1_4' title="bbox 142 757 1591 1141">
    <p class='ocr_par' dir='ltr' id='par_1_5' title="bbox 142 757 1590 882">
     <span class='ocr_line' id='line_1_8' title="bbox 142 757 1590 814; baseline -0.001 -15"><span class='ocrx_word' id='word_1_58' title='bbox 142 763 214 800; x_wconf 85' lang='lat' dir='ltr'><strong><em>ric.</em></strong></span> <span class='ocrx_word' id='word_1_59' title='bbox 248 775 271 800; x_wconf 89' lang='lat' dir='ltr'>a</span> <span class='ocrx_word' id='word_1_60' title='bbox 300 777 359 814; x_wconf 87' lang='lat' dir='ltr'><strong><em>pr.</em></strong></span> <span class='ocrx_word' id='word_1_61' title='bbox 387 777 441 802; x_wconf 90' lang='lat' dir='ltr'><strong><em>m.</em></strong></span> <span class='ocrx_word' id='word_1_62' title='bbox 472 762 518 801; x_wconf 82' lang='lat' dir='ltr'><strong><em>si.</em></strong></span> <span class='ocrx_word' id='word_1_63' title='bbox 634 759 773 800; x_wconf 73' lang='lat' dir='ltr'><strong><em>eodem.</em></strong></span> <span class='ocrx_word' id='word_1_64' title='bbox 832 758 939 800; x_wconf 88' lang='lat' dir='ltr'><strong><em>Jeus.</em></strong></span> <span class='ocrx_word' id='word_1_65' title='bbox 977 761 1075 798; x_wconf 86' lang='lat' dir='ltr'><strong><em>Loc.</em></strong></span> <span class='ocrx_word' id='word_1_66' title='bbox 1105 757 1212 798; x_wconf 85' lang='lat' dir='ltr'><strong><em>Ven.</em></strong></span> <span class='ocrx_word' id='word_1_67' title='bbox 1244 773 1388 798; x_wconf 85' lang='lat' dir='ltr'><strong><em>eorum.</em></strong></span> <span class='ocrx_word' id='word_1_68' title='bbox 1501 767 1590 797; x_wconf 80' lang='lat' dir='ltr'><strong><em>sunt</em></strong></span> 
     </span>
     <span class='ocr_line' id='line_1_9' title="bbox 142 819 733 882; baseline 0.002 -14"><span class='ocrx_word' id='word_1_69' title='bbox 142 828 247 868; x_wconf 75' lang='lat' dir='ltr'><strong><em>editi.</em></strong></span> <span class='ocrx_word' id='word_1_70' title='bbox 304 829 412 869; x_wconf 85' lang='lat' dir='ltr'>Flor.</span> <span class='ocrx_word' id='word_1_71' title='bbox 443 819 582 882; x_wconf 55' lang='lat' dir='ltr'><strong><em>Cinnp.</em></strong></span> <span class='ocrx_word' id='word_1_72' title='bbox 614 827 670 867; x_wconf 69' lang='lat' dir='ltr'><strong><em>ed.</em></strong></span> <span class='ocrx_word' id='word_1_73' title='bbox 701 845 733 869; x_wconf 73' lang='lat' dir='ltr'><strong><em>s,</em></strong></span> 
     </span>
    </p>

    <p class='ocr_par' dir='ltr' id='par_1_6' title="bbox 143 890 1591 1141">
     <span class='ocr_line' id='line_1_10' title="bbox 257 890 1587 951; baseline -0.001 -16"><span class='ocrx_word' id='word_1_74' title='bbox 257 898 291 949; x_wconf 60' lang='grc' dir='ltr'><strong><em>ξ.</em></strong></span> <span class='ocrx_word' id='word_1_75' title='bbox 322 899 388 937; x_wconf 83' lang='grc'><strong><em>43.</em></strong></span> <span class='ocrx_word' id='word_1_76' title='bbox 452 896 707 951; x_wconf 74' lang='lat' dir='ltr'><strong><em>jaculatione.</em></strong></span> <span class='ocrx_word' id='word_1_77' title='bbox 765 893 904 935; x_wconf 77' lang='lat' dir='ltr'>Turio,</span> <span class='ocrx_word' id='word_1_78' title='bbox 940 892 1048 933; x_wconf 86' lang='lat' dir='ltr'>Flor.</span> <span class='ocrx_word' id='word_1_79' title='bbox 1087 890 1249 947; x_wconf 79' lang='lat' dir='ltr'><strong><em>injacul.</em></strong></span> <span class='ocrx_word' id='word_1_80' title='bbox 1369 893 1587 936; x_wconf 77' lang='lat' dir='ltr'><strong><em>verborum.</em></strong></span> 
     </span>
     <span class='ocr_line' id='line_1_11' title="bbox 143 960 1590 1006; baseline -0.001 -1"><span class='ocrx_word' id='word_1_81' title='bbox 143 963 269 1006; x_wconf 86' lang='lat' dir='ltr'><strong><em>Amb.</em></strong></span> <span class='ocrx_word' id='word_1_82' title='bbox 303 970 342 1005; x_wconf 90' lang='lat'><strong><em>1.</em></strong></span> <span class='ocrx_word' id='word_1_83' title='bbox 379 964 488 1004; x_wconf 90' lang='lat' dir='ltr'><strong><em>Flor.</em></strong></span> <span class='ocrx_word' id='word_1_84' title='bbox 520 964 725 1004; x_wconf 69' lang='lat' dir='ltr'><strong><em>dictorum.</em></strong></span> <span class='ocrx_word' id='word_1_85' title='bbox 839 962 885 1001; x_wconf 71' lang='lat' dir='ltr'><strong><em>cle</em></strong></span> <span class='ocrx_word' id='word_1_86' title='bbox 929 960 1086 1001; x_wconf 80' lang='lat' dir='ltr'><strong><em>Crasso.</em></strong></span> <span class='ocrx_word' id='word_1_87' title='bbox 1142 960 1270 1001; x_wconf 84' lang='lat' dir='ltr'><strong><em>Amb.</em></strong></span> <span class='ocrx_word' id='word_1_88' title='bbox 1304 965 1342 1002; x_wconf 84' lang='lat'><strong><em>1.</em></strong></span> <span class='ocrx_word' id='word_1_89' title='bbox 1386 965 1505 1002; x_wconf 83' lang='lat' dir='ltr'><strong><em>inser.</em></strong></span> <span class='ocrx_word' id='word_1_90' title='bbox 1539 961 1590 1003; x_wconf 87' lang='lat' dir='ltr'><strong><em>L.</em></strong></span> 
     </span>
     <span class='ocr_line' id='line_1_12' title="bbox 144 1026 1591 1086; baseline -0.003 -13"><span class='ocrx_word' id='word_1_91' title='bbox 144 1032 285 1073; x_wconf 78' lang='lat' dir='ltr'>Turio.</span> <span class='ocrx_word' id='word_1_92' title='bbox 318 1048 339 1071; x_wconf 82' lang='lat' dir='ltr'>a</span> <span class='ocrx_word' id='word_1_93' title='bbox 360 1049 418 1086; x_wconf 88' lang='lat' dir='ltr'><strong><em>pr.</em></strong></span> <span class='ocrx_word' id='word_1_94' title='bbox 444 1048 499 1072; x_wconf 89' lang='lat' dir='ltr'><strong><em>m.</em></strong></span> <span class='ocrx_word' id='word_1_95' title='bbox 531 1034 722 1086; x_wconf 58' lang='lat' dir='ltr'><strong><em>dely-asso.</em></strong></span> <span class='ocrx_word' id='word_1_96' title='bbox 837 1029 938 1070; x_wconf 79' lang='lat' dir='ltr'><strong><em>aliis.</em></strong></span> <span class='ocrx_word' id='word_1_97' title='bbox 996 1028 1104 1069; x_wconf 91' lang='lat' dir='ltr'>Flor.</span> <span class='ocrx_word' id='word_1_98' title='bbox 1137 1026 1273 1069; x_wconf 87' lang='lat' dir='ltr'><strong><em>Guelf.</em></strong></span> <span class='ocrx_word' id='word_1_99' title='bbox 1305 1029 1387 1068; x_wconf 78' lang='lat' dir='ltr'><strong><em>alii.</em></strong></span> <span class='ocrx_word' id='word_1_100' title='bbox 1486 1030 1591 1085; x_wconf 82' lang='lat' dir='ltr'><strong><em>quib.</em></strong></span> 
     </span>
     <span class='ocr_line' id='line_1_13' title="bbox 146 1095 1591 1141; baseline -0.001 0"><span class='ocrx_word' id='word_1_101' title='bbox 146 1101 217 1141; x_wconf 83' lang='lat' dir='ltr'><strong><em>loc.</em></strong></span> <span class='ocrx_word' id='word_1_102' title='bbox 264 1098 397 1140; x_wconf 85' lang='lat' dir='ltr'><strong><em>Guelf.</em></strong></span> <span class='ocrx_word' id='word_1_103' title='bbox 428 1102 547 1140; x_wconf 85' lang='lat' dir='ltr'><strong><em>inser.</em></strong></span> <span class='ocrx_word' id='word_1_104' title='bbox 578 1102 630 1141; x_wconf 87' lang='lat' dir='ltr'><strong><em>in.</em></strong></span> <span class='ocrx_word' id='word_1_105' title='bbox 746 1108 900 1138; x_wconf 81' lang='lat' dir='ltr'><strong><em>narrat.</em></strong></span> <span class='ocrx_word' id='word_1_106' title='bbox 956 1095 1082 1138; x_wconf 89' lang='lat' dir='ltr'><strong><em>Amb.</em></strong></span> <span class='ocrx_word' id='word_1_107' title='bbox 1109 1102 1149 1137; x_wconf 83' lang='lat'><strong><em>1.</em></strong></span> <span class='ocrx_word' id='word_1_108' title='bbox 1177 1112 1295 1137; x_wconf 88' lang='lat' dir='ltr'><strong><em>asec.</em></strong></span> <span class='ocrx_word' id='word_1_109' title='bbox 1318 1112 1370 1136; x_wconf 88' lang='lat' dir='ltr'><strong><em>m.</em></strong></span> <span class='ocrx_word' id='word_1_110' title='bbox 1402 1096 1540 1139; x_wconf 80' lang='lat' dir='ltr'>Turio.</span> <span class='ocrx_word' id='word_1_111' title='bbox 1566 1113 1591 1138; x_wconf 76' lang='lat' dir='ltr'><strong>a</strong></span> 
     </span>
    </p>
   </div>
   <div class='ocr_carea' id='block_1_5' title="bbox 140 1178 1594 2166">
    <p class='ocr_par' dir='ltr' id='par_1_7' title="bbox 142 1178 492 1223">
     <span class='ocr_line' id='line_1_14' title="bbox 142 1178 492 1223; baseline -0.009 -15"><span class='ocrx_word' id='word_1_112' title='bbox 142 1184 204 1223; x_wconf 86' lang='lat' dir='ltr'><strong><em>pr.</em></strong></span> <span class='ocrx_word' id='word_1_113' title='bbox 231 1183 287 1208; x_wconf 86' lang='lat' dir='ltr'><strong><em>m.</em></strong></span> <span class='ocrx_word' id='word_1_114' title='bbox 319 1178 492 1207; x_wconf 76' lang='lat' dir='ltr'><strong><em>narrant.</em></strong></span> 
     </span>
    </p>

    <p class='ocr_par' dir='ltr' id='par_1_8' title="bbox 140 1231 1594 2031">
     <span class='ocr_line' id='line_1_15' title="bbox 258 1231 1593 1287; baseline -0.001 -12"><span class='ocrx_word' id='word_1_115' title='bbox 258 1237 295 1287; x_wconf 86' lang='lat'><strong><em>§.</em></strong></span> <span class='ocrx_word' id='word_1_116' title='bbox 326 1236 395 1275; x_wconf 85' lang='grc'><strong><em>44.</em></strong></span> <span class='ocrx_word' id='word_1_117' title='bbox 458 1234 523 1275; x_wconf 81' lang='lat' dir='ltr'><strong><em>Cn.</em></strong></span> <span class='ocrx_word' id='word_1_118' title='bbox 581 1232 707 1277; x_wconf 85' lang='lat' dir='ltr'><strong><em>Amb.</em></strong></span> <span class='ocrx_word' id='word_1_119' title='bbox 740 1240 780 1276; x_wconf 85' lang='lat'><strong><em>1.</em></strong></span> <span class='ocrx_word' id='word_1_120' title='bbox 827 1236 948 1274; x_wconf 81' lang='lat' dir='ltr'><strong>etlam</strong></span> <span class='ocrx_word' id='word_1_121' title='bbox 994 1231 1036 1274; x_wconf 89' lang='lat' dir='ltr'><strong><em>C.</em></strong></span> <span class='ocrx_word' id='word_1_122' title='bbox 1159 1233 1401 1275; x_wconf 78' lang='lat' dir='ltr'><strong><em>ostendisset.</em></strong></span> <span class='ocrx_word' id='word_1_123' title='bbox 1459 1232 1593 1275; x_wconf 86' lang='lat' dir='ltr'><strong><em>Guelf.</em></strong></span> 
     </span>
     <span class='ocr_line' id='line_1_16' title="bbox 145 1299 1591 1358; baseline -0.002 -14"><span class='ocrx_word' id='word_1_124' title='bbox 145 1303 370 1344; x_wconf 70' lang='lat' dir='ltr'><strong><em>ostenderet.</em></strong></span> <span class='ocrx_word' id='word_1_125' title='bbox 457 1302 507 1342; x_wconf 85' lang='lat' dir='ltr'><strong><em>L.</em></strong></span> <span class='ocrx_word' id='word_1_126' title='bbox 554 1302 692 1343; x_wconf 82' lang='lat' dir='ltr'><strong>Turic.</strong></span> <span class='ocrx_word' id='word_1_127' title='bbox 724 1314 752 1344; x_wconf 81' lang='lat' dir='ltr'><strong><em>t.</em></strong></span> <span class='ocrx_word' id='word_1_128' title='bbox 836 1306 886 1343; x_wconf 81' lang='lat' dir='ltr'><strong><em>iis</em></strong></span> <span class='ocrx_word' id='word_1_129' title='bbox 916 1319 1024 1358; x_wconf 78' lang='lat' dir='ltr'><strong><em>quae.</em></strong></span> <span class='ocrx_word' id='word_1_130' title='bbox 1064 1299 1189 1341; x_wconf 87' lang='lat' dir='ltr'><strong><em>Amb.</em></strong></span> <span class='ocrx_word' id='word_1_131' title='bbox 1213 1308 1250 1342; x_wconf 88' lang='lat'><strong><em>1.</em></strong></span> <span class='ocrx_word' id='word_1_132' title='bbox 1273 1305 1306 1341; x_wconf 86' lang='lat' dir='ltr'><strong><em>is</em></strong></span> <span class='ocrx_word' id='word_1_133' title='bbox 1327 1318 1410 1356; x_wconf 82' lang='lat' dir='ltr'><strong><em>quc.</em></strong></span> <span class='ocrx_word' id='word_1_134' title='bbox 1451 1301 1591 1342; x_wconf 85' lang='lat' dir='ltr'><strong>Turic.</strong></span> 
     </span>
     <span class='ocr_line' id='line_1_17' title="bbox 143 1368 1593 1426; baseline -0.003 -15"><span class='ocrx_word' id='word_1_135' title='bbox 143 1388 273 1426; x_wconf 78' lang='lat' dir='ltr'><strong><em>usque.</em></strong></span> <span class='ocrx_word' id='word_1_136' title='bbox 334 1368 468 1410; x_wconf 79' lang='lat' dir='ltr'><strong><em>Guelf.</em></strong></span> <span class='ocrx_word' id='word_1_137' title='bbox 501 1370 561 1409; x_wconf 75' lang='lat' dir='ltr'><strong><em>his</em></strong></span> <span class='ocrx_word' id='word_1_138' title='bbox 589 1387 698 1425; x_wconf 81' lang='lat' dir='ltr'><strong><em>quae.</em></strong></span> <span class='ocrx_word' id='word_1_139' title='bbox 758 1369 897 1424; x_wconf 82' lang='lat' dir='ltr'><strong><em>Camp.</em></strong></span> <span class='ocrx_word' id='word_1_140' title='bbox 930 1373 1061 1424; x_wconf 77' lang='lat' dir='ltr'><strong><em>iisque.</em></strong></span> <span class='ocrx_word' id='word_1_141' title='bbox 1106 1369 1218 1410; x_wconf 81' lang='lat' dir='ltr'><strong>Sich.</strong></span> <span class='ocrx_word' id='word_1_142' title='bbox 1250 1370 1310 1409; x_wconf 73' lang='lat' dir='ltr'><strong><em>his</em></strong></span> <span class='ocrx_word' id='word_1_143' title='bbox 1338 1385 1443 1424; x_wconf 79' lang='lat' dir='ltr'><strong><em>quae.</em></strong></span> <span class='ocrx_word' id='word_1_144' title='bbox 1545 1370 1593 1408; x_wconf 77' lang='lat' dir='ltr'><strong><em>de</em></strong></span> 
     </span>
     <span class='ocr_line' id='line_1_18' title="bbox 144 1434 1591 1493; baseline -0.002 -14"><span class='ocrx_word' id='word_1_145' title='bbox 144 1439 238 1493; x_wconf 79' lang='lat' dir='ltr'><strong><em>lege.</em></strong></span> <span class='ocrx_word' id='word_1_146' title='bbox 297 1436 436 1491; x_wconf 84' lang='lat' dir='ltr'><strong><em>Camp.</em></strong></span> <span class='ocrx_word' id='word_1_147' title='bbox 472 1442 622 1478; x_wconf 83' lang='lat' dir='ltr'><strong>omittit</strong></span> <span class='ocrx_word' id='word_1_148' title='bbox 650 1438 708 1477; x_wconf 78' lang='lat' dir='ltr'><strong><em>dc.</em></strong></span> <span class='ocrx_word' id='word_1_149' title='bbox 833 1438 1009 1477; x_wconf 72' lang='lat' dir='ltr'><strong><em>dixerat.</em></strong></span> <span class='ocrx_word' id='word_1_150' title='bbox 1067 1434 1190 1477; x_wconf 85' lang='lat' dir='ltr'><strong><em>Amb.</em></strong></span> <span class='ocrx_word' id='word_1_151' title='bbox 1225 1443 1262 1476; x_wconf 90' lang='lat'><strong><em>1.</em></strong></span> <span class='ocrx_word' id='word_1_152' title='bbox 1292 1436 1401 1476; x_wconf 88' lang='lat' dir='ltr'><strong><em>Flor.</em></strong></span> <span class='ocrx_word' id='word_1_153' title='bbox 1432 1451 1591 1491; x_wconf 87' lang='lat' dir='ltr'>quoque</span> 
     </span>
     <span class='ocr_line' id='line_1_19' title="bbox 142 1502 1593 1558; baseline -0.002 -12"><span class='ocrx_word' id='word_1_154' title='bbox 142 1507 309 1546; x_wconf 51' lang='lat' dir='ltr'><strong><em>‹liaeo-it,</em></strong></span> <span class='ocrx_word' id='word_1_155' title='bbox 399 1516 517 1546; x_wconf 77' lang='lat' dir='ltr'><strong><em>·tres.</em></strong></span> <span class='ocrx_word' id='word_1_156' title='bbox 576 1505 712 1546; x_wconf 84' lang='lat' dir='ltr'>Turio.</span> <span class='ocrx_word' id='word_1_157' title='bbox 754 1519 776 1543; x_wconf 86' lang='lat' dir='ltr'>a</span> <span class='ocrx_word' id='word_1_158' title='bbox 805 1520 865 1558; x_wconf 83' lang='lat' dir='ltr'><strong><em>pr.</em></strong></span> <span class='ocrx_word' id='word_1_159' title='bbox 898 1520 953 1544; x_wconf 87' lang='lat' dir='ltr'><strong><em>m.</em></strong></span> <span class='ocrx_word' id='word_1_160' title='bbox 991 1505 1079 1544; x_wconf 78' lang='lat' dir='ltr'><strong><em>tris.</em></strong></span> <span class='ocrx_word' id='word_1_161' title='bbox 1195 1503 1343 1558; x_wconf 71' lang='lat' dir='ltr'><strong><em>hisque.</em></strong></span> <span class='ocrx_word' id='word_1_162' title='bbox 1399 1502 1536 1545; x_wconf 81' lang='lat' dir='ltr'>Turio.</span> <span class='ocrx_word' id='word_1_163' title='bbox 1569 1519 1593 1543; x_wconf 83' lang='lat' dir='ltr'>a</span> 
     </span>
     <span class='ocr_line' id='line_1_20' title="bbox 141 1569 1594 1629; baseline -0.001 -15"><span class='ocrx_word' id='word_1_164' title='bbox 141 1591 204 1629; x_wconf 84' lang='lat' dir='ltr'><strong><em>pr.</em></strong></span> <span class='ocrx_word' id='word_1_165' title='bbox 236 1590 292 1614; x_wconf 88' lang='lat' dir='ltr'><strong><em>m.</em></strong></span> <span class='ocrx_word' id='word_1_166' title='bbox 330 1574 447 1627; x_wconf 83' lang='lat' dir='ltr'><strong><em>isque.</em></strong></span> <span class='ocrx_word' id='word_1_167' title='bbox 508 1571 631 1614; x_wconf 78' lang='lat' dir='ltr'><strong><em>Goth.</em></strong></span> <span class='ocrx_word' id='word_1_168' title='bbox 672 1575 808 1627; x_wconf 84' lang='lat' dir='ltr'><strong><em>iisque.</em></strong></span> <span class='ocrx_word' id='word_1_169' title='bbox 924 1588 1011 1612; x_wconf 81' lang='lat' dir='ltr'><strong><em>cum</em></strong></span> <span class='ocrx_word' id='word_1_170' title='bbox 1039 1574 1080 1610; x_wconf 86' lang='lat' dir='ltr'><strong><em>in</em></strong></span> <span class='ocrx_word' id='word_1_171' title='bbox 1109 1571 1216 1611; x_wconf 76' lang='lat' dir='ltr'><strong><em>Priv.</em></strong></span> <span class='ocrx_word' id='word_1_172' title='bbox 1279 1569 1402 1612; x_wconf 77' lang='lat' dir='ltr'><strong><em>Goth.</em></strong></span> <span class='ocrx_word' id='word_1_173' title='bbox 1443 1575 1594 1613; x_wconf 83' lang='lat' dir='ltr'>omittit</span> 
     </span>
     <span class='ocr_line' id='line_1_21' title="bbox 142 1638 1592 1696; baseline -0.001 -14"><span class='ocrx_word' id='word_1_174' title='bbox 142 1645 197 1682; x_wconf 80' lang='lat' dir='ltr'><strong><em>in.</em></strong></span> <span class='ocrx_word' id='word_1_175' title='bbox 311 1641 542 1696; x_wconf 79' lang='lat' dir='ltr'><strong><em>requirebat.</em></strong></span> <span class='ocrx_word' id='word_1_176' title='bbox 600 1641 738 1681; x_wconf 87' lang='lat' dir='ltr'><strong>Turic.</strong></span> <span class='ocrx_word' id='word_1_177' title='bbox 769 1639 877 1679; x_wconf 90' lang='lat' dir='ltr'>Flor.</span> <span class='ocrx_word' id='word_1_178' title='bbox 910 1638 1046 1680; x_wconf 84' lang='lat' dir='ltr'><strong><em>Guelf.</em></strong></span> <span class='ocrx_word' id='word_1_179' title='bbox 1078 1639 1336 1692; x_wconf 79' lang='lat' dir='ltr'><strong><em>requirebant.</em></strong></span> <span class='ocrx_word' id='word_1_180' title='bbox 1435 1639 1592 1681; x_wconf 77' lang='lat' dir='ltr'><strong><em>Omnes.</em></strong></span> 
     </span>
     <span class='ocr_line' id='line_1_22' title="bbox 142 1704 1590 1751; baseline -0.001 -1"><span class='ocrx_word' id='word_1_181' title='bbox 142 1709 282 1751; x_wconf 82' lang='lat' dir='ltr'>Turio.</span> <span class='ocrx_word' id='word_1_182' title='bbox 322 1707 446 1749; x_wconf 79' lang='lat' dir='ltr'>Goth.</span> <span class='ocrx_word' id='word_1_183' title='bbox 487 1708 594 1748; x_wconf 83' lang='lat' dir='ltr'><strong><em>Jens.</em></strong></span> <span class='ocrx_word' id='word_1_184' title='bbox 634 1717 673 1747; x_wconf 82' lang='lat' dir='ltr'><strong><em>et</em></strong></span> <span class='ocrx_word' id='word_1_185' title='bbox 713 1708 803 1746; x_wconf 85' lang='lat' dir='ltr'><strong><em>edd.</em></strong></span> <span class='ocrx_word' id='word_1_186' title='bbox 843 1715 934 1746; x_wconf 83' lang='lat' dir='ltr'><strong><em>ante</em></strong></span> <span class='ocrx_word' id='word_1_187' title='bbox 975 1704 1074 1746; x_wconf 77' lang='lat' dir='ltr'><strong><em>AJd.</em></strong></span> <span class='ocrx_word' id='word_1_188' title='bbox 1106 1708 1238 1745; x_wconf 82' lang='lat' dir='ltr'><strong><em>omnis.</em></strong></span> <span class='ocrx_word' id='word_1_189' title='bbox 1295 1705 1398 1746; x_wconf 83' lang='lat' dir='ltr'><strong><em>Bad.</em></strong></span> <span class='ocrx_word' id='word_1_190' title='bbox 1429 1715 1468 1746; x_wconf 84' lang='lat' dir='ltr'><strong><em>et</em></strong></span> <span class='ocrx_word' id='word_1_191' title='bbox 1498 1708 1590 1748; x_wconf 84' lang='lat' dir='ltr'><strong><em>edd.</em></strong></span> 
     </span>
     <span class='ocr_line' id='line_1_23' title="bbox 143 1772 1592 1828; baseline -0.002 -12"><span class='ocrx_word' id='word_1_192' title='bbox 143 1792 258 1817; x_wconf 88' lang='lat' dir='ltr'><strong><em>meae</em></strong></span> <span class='ocrx_word' id='word_1_193' title='bbox 297 1785 389 1815; x_wconf 85' lang='lat' dir='ltr'><strong><em>ante</em></strong></span> <span class='ocrx_word' id='word_1_194' title='bbox 429 1774 542 1816; x_wconf 85' lang='lat' dir='ltr'><strong><em>Gibs.</em></strong></span> <span class='ocrx_word' id='word_1_195' title='bbox 572 1776 728 1815; x_wconf 68' lang='lat' dir='ltr'><strong><em>omneis.</em></strong></span> <span class='ocrx_word' id='word_1_196' title='bbox 842 1784 1126 1828; x_wconf 78' lang='lat' dir='ltr'><strong><em>emancuparct.</em></strong></span> <span class='ocrx_word' id='word_1_197' title='bbox 1181 1772 1310 1813; x_wconf 85' lang='lat' dir='ltr'><strong><em>Amb.</em></strong></span> <span class='ocrx_word' id='word_1_198' title='bbox 1341 1779 1379 1813; x_wconf 86' lang='lat'><strong><em>1.</em></strong></span> <span class='ocrx_word' id='word_1_199' title='bbox 1410 1790 1592 1814; x_wconf 77' lang='lat' dir='ltr'><strong><em>emancu-</em></strong></span> 
     </span>
     <span class='ocr_line' id='line_1_24' title="bbox 140 1839 1594 1899; baseline 0 -19"><span class='ocrx_word' id='word_1_200' title='bbox 140 1860 250 1899; x_wconf 80' lang='lat' dir='ltr'><strong><em>pare.</em></strong></span> <span class='ocrx_word' id='word_1_201' title='bbox 367 1842 547 1897; x_wconf 72' lang='lat' dir='ltr'><strong><em>praedia.</em></strong></span> <span class='ocrx_word' id='word_1_202' title='bbox 606 1840 742 1881; x_wconf 85' lang='lat' dir='ltr'><strong><em>Guelf.</em></strong></span> <span class='ocrx_word' id='word_1_203' title='bbox 779 1840 945 1895; x_wconf 79' lang='lat' dir='ltr'><strong><em>proelia.</em></strong></span> <span class='ocrx_word' id='word_1_204' title='bbox 1069 1843 1208 1895; x_wconf 79' lang='lat' dir='ltr'><strong><em>turpis.</em></strong></span> <span class='ocrx_word' id='word_1_205' title='bbox 1268 1839 1393 1880; x_wconf 87' lang='lat' dir='ltr'><strong><em>Amb.</em></strong></span> <span class='ocrx_word' id='word_1_206' title='bbox 1426 1846 1465 1881; x_wconf 92' lang='lat'><strong><em>1.</em></strong></span> <span class='ocrx_word' id='word_1_207' title='bbox 1506 1853 1594 1880; x_wconf 80' lang='lat' dir='ltr'><strong><em>tur-</em></strong></span> 
     </span>
     <span class='ocr_line' id='line_1_25' title="bbox 142 1907 1589 1968; baseline -0.001 -18"><span class='ocrx_word' id='word_1_208' title='bbox 142 1915 243 1968; x_wconf 80' lang='lat' dir='ltr'><strong><em>pius.</em></strong></span> <span class='ocrx_word' id='word_1_209' title='bbox 343 1909 535 1964; x_wconf 75' lang='lat' dir='ltr'><strong><em>apologis.</em></strong></span> <span class='ocrx_word' id='word_1_210' title='bbox 583 1907 691 1948; x_wconf 87' lang='lat' dir='ltr'>Flor.</span> <span class='ocrx_word' id='word_1_211' title='bbox 724 1908 863 1962; x_wconf 80' lang='lat' dir='ltr'><strong><em>Camp.</em></strong></span> <span class='ocrx_word' id='word_1_212' title='bbox 893 1907 1089 1962; x_wconf 73' lang='lat' dir='ltr'><strong><em>epilogis.&#39;</em></strong></span> <span class='ocrx_word' id='word_1_213' title='bbox 1165 1910 1320 1947; x_wconf 75' lang='lat' dir='ltr'><strong><em>interim</em></strong></span> <span class='ocrx_word' id='word_1_214' title='bbox 1344 1910 1473 1950; x_wconf 82' lang='lat' dir='ltr'><strong><em>etiam.</em></strong></span> <span class='ocrx_word' id='word_1_215' title='bbox 1520 1908 1589 1950; x_wconf 82' lang='lat' dir='ltr'><strong><em>Sic</em></strong></span> 
     </span>
     <span class='ocr_line' id='line_1_26' title="bbox 144 1974 1361 2031; baseline -0.004 -10"><span class='ocrx_word' id='word_1_216' title='bbox 144 1983 268 2021; x_wconf 84' lang='lat' dir='ltr'><strong>etiam</strong></span> <span class='ocrx_word' id='word_1_217' title='bbox 294 1977 403 2018; x_wconf 89' lang='lat' dir='ltr'>Flor.</span> <span class='ocrx_word' id='word_1_218' title='bbox 505 1976 737 2031; x_wconf 68' lang='lat' dir='ltr'><strong><em>exponendi.</em></strong></span> <span class='ocrx_word' id='word_1_219' title='bbox 788 1975 855 2017; x_wconf 87' lang='lat' dir='ltr'><strong><em>Sic</em></strong></span> <span class='ocrx_word' id='word_1_220' title='bbox 885 1979 1007 2016; x_wconf 83' lang='lat' dir='ltr'><strong>etiam</strong></span> <span class='ocrx_word' id='word_1_221' title='bbox 1035 1974 1160 2016; x_wconf 83' lang='lat' dir='ltr'><strong><em>Amb.</em></strong></span> <span class='ocrx_word' id='word_1_222' title='bbox 1183 1981 1223 2015; x_wconf 89' lang='lat'><strong><em>1.</em></strong></span> <span class='ocrx_word' id='word_1_223' title='bbox 1252 1974 1361 2016; x_wconf 88' lang='lat' dir='ltr'>Flor.</span> 
     </span>
    </p>

    <p class='ocr_par' dir='ltr' id='par_1_9' title="bbox 257 2042 1228 2100">
     <span class='ocr_line' id='line_1_27' title="bbox 257 2042 1228 2100; baseline -0.004 -14"><span class='ocrx_word' id='word_1_224' title='bbox 257 2049 295 2100; x_wconf 84' lang='lat'><strong><em>§.</em></strong></span> <span class='ocrx_word' id='word_1_225' title='bbox 325 2047 394 2087; x_wconf 86' lang='lat'><strong><em>45.</em></strong></span> <span class='ocrx_word' id='word_1_226' title='bbox 453 2043 557 2099; x_wconf 78' lang='grc' dir='ltr'><strong><em>ἆιιρῖ.</em></strong></span> <span class='ocrx_word' id='word_1_227' title='bbox 573 2043 719 2100; x_wconf 80' lang='lat' dir='ltr'><strong><em>forma</em></strong></span> <span class='ocrx_word' id='word_1_228' title='bbox 748 2055 818 2084; x_wconf 79' lang='lat' dir='ltr'><strong><em>est.</em></strong></span> <span class='ocrx_word' id='word_1_229' title='bbox 871 2042 938 2084; x_wconf 86' lang='lat' dir='ltr'><strong><em>Sic</em></strong></span> <span class='ocrx_word' id='word_1_230' title='bbox 971 2046 1092 2084; x_wconf 84' lang='lat' dir='ltr'>etiam</span> <span class='ocrx_word' id='word_1_231' title='bbox 1120 2043 1228 2082; x_wconf 88' lang='lat' dir='ltr'>Flor.</span> 
     </span>
    </p>

    <p class='ocr_par' dir='ltr' id='par_1_10' title="bbox 259 2108 1588 2166">
     <span class='ocr_line' id='line_1_28' title="bbox 259 2108 1588 2166; baseline -0.001 -12"><span class='ocrx_word' id='word_1_232' title='bbox 259 2116 298 2166; x_wconf 87' lang='lat'><strong><em>§.</em></strong></span> <span class='ocrx_word' id='word_1_233' title='bbox 328 2114 397 2154; x_wconf 87' lang='grc'><strong><em>46.</em></strong></span> <span class='ocrx_word' id='word_1_234' title='bbox 455 2111 559 2152; x_wconf 72' lang='lat' dir='ltr'><strong><em>nihil</em></strong></span> <span class='ocrx_word' id='word_1_235' title='bbox 587 2114 685 2150; x_wconf 84' lang='lat' dir='ltr'><strong><em>enim</em></strong></span> <span class='ocrx_word' id='word_1_236' title='bbox 712 2135 769 2142; x_wconf 89' lang='lat'><strong><em>—-</em></strong></span> <span class='ocrx_word' id='word_1_237' title='bbox 797 2110 899 2166; x_wconf 79' lang='lat' dir='ltr'><em>quod</em></span> <span class='ocrx_word' id='word_1_238' title='bbox 923 2121 1052 2165; x_wconf 77' lang='lat' dir='ltr'><strong><em>potest</em></strong></span> <span class='ocrx_word' id='word_1_239' title='bbox 1079 2127 1166 2151; x_wconf 86' lang='lat' dir='ltr'><strong><em>non.</em></strong></span> <span class='ocrx_word' id='word_1_240' title='bbox 1216 2109 1284 2151; x_wconf 83' lang='lat' dir='ltr'><strong><em>Sic</em></strong></span> <span class='ocrx_word' id='word_1_241' title='bbox 1317 2113 1437 2152; x_wconf 83' lang='lat' dir='ltr'><strong>etiam</strong></span> <span class='ocrx_word' id='word_1_242' title='bbox 1463 2108 1588 2153; x_wconf 87' lang='lat' dir='ltr'><strong><em>Amb.</em></strong></span> 
     </span>
    </p>
   </div>
   <div class='ocr_carea' id='block_1_6' title="bbox 129 2177 1591 2503">
    <p class='ocr_par' dir='ltr' id='par_1_11' title="bbox 129 2177 1591 2503">
     <span class='ocr_line' id='line_1_29' title="bbox 148 2177 1591 2232; baseline -0.003 -8"><span class='ocrx_word' id='word_1_243' title='bbox 148 2188 187 2224; x_wconf 89' lang='lat'><strong><em>1.</em></strong></span> <span class='ocrx_word' id='word_1_244' title='bbox 216 2182 324 2223; x_wconf 89' lang='lat' dir='ltr'><strong><em>Flor.</em></strong></span> <span class='ocrx_word' id='word_1_245' title='bbox 440 2179 674 2220; x_wconf 74' lang='lat' dir='ltr'><strong><em>lacessendo.</em></strong></span> <span class='ocrx_word' id='word_1_246' title='bbox 733 2178 870 2219; x_wconf 78' lang='lat' dir='ltr'>Turio.</span> <span class='ocrx_word' id='word_1_247' title='bbox 900 2194 921 2218; x_wconf 86' lang='lat' dir='ltr'>a</span> <span class='ocrx_word' id='word_1_248' title='bbox 942 2195 1001 2232; x_wconf 89' lang='lat' dir='ltr'><strong><em>pr.</em></strong></span> <span class='ocrx_word' id='word_1_249' title='bbox 1026 2194 1082 2219; x_wconf 89' lang='lat'><strong><em>111.</em></strong></span> <span class='ocrx_word' id='word_1_250' title='bbox 1119 2177 1311 2219; x_wconf 78' lang='lat' dir='ltr'><strong><em>lassendo.</em></strong></span> <span class='ocrx_word' id='word_1_251' title='bbox 1427 2189 1478 2218; x_wconf 77' lang='lat' dir='ltr'><strong><em>at.</em></strong></span> <span class='ocrx_word' id='word_1_252' title='bbox 1502 2179 1591 2219; x_wconf 90' lang='lat' dir='ltr'><strong><em>Tu-</em></strong></span> 
     </span>
     <span class='ocr_line' id='line_1_30' title="bbox 129 2244 1588 2303; baseline -0.004 -12"><span class='ocrx_word' id='word_1_253' title='bbox 129 2254 215 2291; x_wconf 85' lang='lat' dir='ltr'><strong><em>·ric.</em></strong></span> <span class='ocrx_word' id='word_1_254' title='bbox 248 2265 270 2289; x_wconf 84' lang='lat' dir='ltr'>a</span> <span class='ocrx_word' id='word_1_255' title='bbox 296 2266 353 2303; x_wconf 85' lang='lat' dir='ltr'><strong><em>pr.</em></strong></span> <span class='ocrx_word' id='word_1_256' title='bbox 384 2264 437 2288; x_wconf 90' lang='lat' dir='ltr'><strong><em>m.</em></strong></span> <span class='ocrx_word' id='word_1_257' title='bbox 467 2248 576 2288; x_wconf 86' lang='lat' dir='ltr'>Flor.</span> <span class='ocrx_word' id='word_1_258' title='bbox 616 2246 683 2288; x_wconf 74' lang='grc' dir='ltr'><strong><em>αᾶ.</em></strong></span> <span class='ocrx_word' id='word_1_259' title='bbox 796 2249 860 2286; x_wconf 85' lang='lat' dir='ltr'><strong><em>ira</em></strong></span> <span class='ocrx_word' id='word_1_260' title='bbox 900 2262 1009 2287; x_wconf 83' lang='lat' dir='ltr'><strong><em>conc.</em></strong></span> <span class='ocrx_word' id='word_1_261' title='bbox 1066 2244 1191 2286; x_wconf 86' lang='lat' dir='ltr'><strong><em>Amb.</em></strong></span> <span class='ocrx_word' id='word_1_262' title='bbox 1225 2251 1262 2285; x_wconf 90' lang='lat'><strong><em>1.</em></strong></span> <span class='ocrx_word' id='word_1_263' title='bbox 1307 2248 1366 2285; x_wconf 68' lang='lat' dir='ltr'><strong><em>ita</em></strong></span> <span class='ocrx_word' id='word_1_264' title='bbox 1398 2263 1496 2301; x_wconf 81' lang='lat' dir='ltr'><strong><em>quae</em></strong></span> <span class='ocrx_word' id='word_1_265' title='bbox 1528 2263 1588 2299; x_wconf 86' lang='lat' dir='ltr'><strong><em>c.‚</em></strong></span> 
     </span>
     <span class='ocr_line' id='line_1_31' title="bbox 145 2312 1587 2370; baseline -0.003 -12"><span class='ocrx_word' id='word_1_266' title='bbox 145 2321 308 2358; x_wconf 82' lang='lat' dir='ltr'><strong><em>fortasse</em></strong></span> <span class='ocrx_word' id='word_1_267' title='bbox 338 2319 445 2370; x_wconf 84' lang='lat' dir='ltr'>prius</span> <span class='ocrx_word' id='word_1_268' title='bbox 476 2320 609 2370; x_wconf 80' lang='lat' dir='ltr'><strong><em>itaque</em></strong></span> <span class='ocrx_word' id='word_1_269' title='bbox 639 2331 698 2367; x_wconf 88' lang='lat' dir='ltr'><strong><em>c.‚</em></strong></span> <span class='ocrx_word' id='word_1_270' title='bbox 730 2330 823 2355; x_wconf 87' lang='lat' dir='ltr'><strong><em>cum</em></strong></span> <span class='ocrx_word' id='word_1_271' title='bbox 847 2313 954 2354; x_wconf 90' lang='lat' dir='ltr'><strong><em>Flor.</em></strong></span> <span class='ocrx_word' id='word_1_272' title='bbox 1071 2316 1112 2353; x_wconf 86' lang='lat' dir='ltr'><strong><em>in</em></strong></span> <span class='ocrx_word' id='word_1_273' title='bbox 1143 2312 1408 2354; x_wconf 76' lang='lat' dir='ltr'><strong><em>altercatione.</em></strong></span> <span class='ocrx_word' id='word_1_274' title='bbox 1449 2313 1587 2355; x_wconf 79' lang='lat' dir='ltr'>Turio.</span> 
     </span>
     <span class='ocr_line' id='line_1_32' title="bbox 147 2380 1590 2439; baseline -0.005 -13"><span class='ocrx_word' id='word_1_275' title='bbox 147 2401 171 2426; x_wconf 81' lang='lat' dir='ltr'>a</span> <span class='ocrx_word' id='word_1_276' title='bbox 193 2402 252 2439; x_wconf 89' lang='lat' dir='ltr'><strong><em>pr.</em></strong></span> <span class='ocrx_word' id='word_1_277' title='bbox 269 2400 325 2425; x_wconf 89' lang='lat' dir='ltr'><strong><em>m.</em></strong></span> <span class='ocrx_word' id='word_1_278' title='bbox 356 2386 622 2424; x_wconf 80' lang='lat' dir='ltr'><strong><em>intercatione.</em></strong></span> <span class='ocrx_word' id='word_1_279' title='bbox 738 2384 997 2437; x_wconf 84' lang='lat' dir='ltr'><strong><em>requiruntur.</em></strong></span> <span class='ocrx_word' id='word_1_280' title='bbox 1056 2380 1163 2421; x_wconf 90' lang='lat' dir='ltr'><strong><em>Flor.</em></strong></span> <span class='ocrx_word' id='word_1_281' title='bbox 1196 2396 1365 2437; x_wconf 19' lang='lat' dir='ltr'>quoque!</span> <span class='ocrx_word' id='word_1_282' title='bbox 1388 2384 1590 2435; x_wconf 76' lang='lat' dir='ltr'><strong><em>requiran-</em></strong></span> 
     </span>
     <span class='ocr_line' id='line_1_33' title="bbox 144 2447 1588 2503; baseline -0.002 -11"><span class='ocrx_word' id='word_1_283' title='bbox 144 2464 223 2493; x_wconf 71' lang='lat' dir='ltr'><strong><em>tur.</em></strong></span> <span class='ocrx_word' id='word_1_284' title='bbox 326 2463 380 2491; x_wconf 85' lang='lat' dir='ltr'><strong><em>est</em></strong></span> <span class='ocrx_word' id='word_1_285' title='bbox 411 2452 518 2492; x_wconf 76' lang='lat' dir='ltr'><strong><em>mihi.</em></strong></span> <span class='ocrx_word' id='word_1_286' title='bbox 570 2450 678 2491; x_wconf 83' lang='lat' dir='ltr'>Flor.</span> <span class='ocrx_word' id='word_1_287' title='bbox 713 2449 852 2503; x_wconf 86' lang='lat' dir='ltr'><strong><em>Camp.</em></strong></span> <span class='ocrx_word' id='word_1_288' title='bbox 882 2467 934 2490; x_wconf 89' lang='lat' dir='ltr'><strong><em>m.</em></strong></span> <span class='ocrx_word' id='word_1_289' title='bbox 964 2467 996 2489; x_wconf 90' lang='lat' dir='ltr'><strong><em>e.</em></strong></span> <span class='ocrx_word' id='word_1_290' title='bbox 1099 2464 1240 2488; x_wconf 83' lang='lat' dir='ltr'><strong><em>omnes.</em></strong></span> <span class='ocrx_word' id='word_1_291' title='bbox 1279 2447 1426 2489; x_wconf 82' lang='lat' dir='ltr'>Turio.</span> <span class='ocrx_word' id='word_1_292' title='bbox 1451 2447 1588 2489; x_wconf 82' lang='lat' dir='ltr'><strong><em>Guelf.</em></strong></span> 
     </span>
    </p>
   </div>
   <div class='ocr_carea' id='block_1_7' title="bbox 145 2514 1585 2568">
    <p class='ocr_par' dir='ltr' id='par_1_12' title="bbox 145 2514 1585 2568">
     <span class='ocr_line' id='line_1_34' title="bbox 145 2514 1585 2568; baseline -0.005 -6"><span class='ocrx_word' id='word_1_293' title='bbox 145 2520 255 2562; x_wconf 86' lang='lat' dir='ltr'><strong><em>Jens.</em></strong></span> <span class='ocrx_word' id='word_1_294' title='bbox 296 2529 336 2560; x_wconf 82' lang='lat' dir='ltr'><strong><em>et</em></strong></span> <span class='ocrx_word' id='word_1_295' title='bbox 372 2520 462 2560; x_wconf 86' lang='lat' dir='ltr'><strong><em>edd.</em></strong></span> <span class='ocrx_word' id='word_1_296' title='bbox 502 2527 593 2558; x_wconf 81' lang='lat' dir='ltr'><strong><em>ante</em></strong></span> <span class='ocrx_word' id='word_1_297' title='bbox 631 2517 733 2560; x_wconf 81' lang='lat' dir='ltr'><strong><em>AJd.</em></strong></span> <span class='ocrx_word' id='word_1_298' title='bbox 773 2520 909 2559; x_wconf 82' lang='lat' dir='ltr'><strong><em>omnis.</em></strong></span> <span class='ocrx_word' id='word_1_299' title='bbox 975 2516 1076 2559; x_wconf 76' lang='lat' dir='ltr'><strong><em>Ald.</em></strong></span> <span class='ocrx_word' id='word_1_300' title='bbox 1117 2525 1156 2556; x_wconf 86' lang='lat' dir='ltr'><strong><em>et</em></strong></span> <span class='ocrx_word' id='word_1_301' title='bbox 1195 2516 1286 2556; x_wconf 84' lang='lat' dir='ltr'><strong><em>edd.</em></strong></span> <span class='ocrx_word' id='word_1_302' title='bbox 1327 2525 1418 2556; x_wconf 87' lang='lat' dir='ltr'><strong><em>ante</em></strong></span> <span class='ocrx_word' id='word_1_303' title='bbox 1458 2514 1585 2568; x_wconf 85' lang='lat' dir='ltr'><strong><em>Gibs.,</em></strong></span> 
     </span>
    </p>
   </div>
   <div class='ocr_carea' id='block_1_8' title="bbox 147 2586 1586 2706">
    <p class='ocr_par' dir='ltr' id='par_1_13' title="bbox 147 2586 1586 2706">
     <span class='ocr_line' id='line_1_35' title="bbox 147 2586 619 2639; baseline 0 -12"><span class='ocrx_word' id='word_1_304' title='bbox 147 2603 235 2629; x_wconf 81' lang='lat' dir='ltr'><strong><em>exc.</em></strong></span> <span class='ocrx_word' id='word_1_305' title='bbox 266 2586 422 2639; x_wconf 83' lang='lat' dir='ltr'><strong><em>Colin.,</em></strong></span> <span class='ocrx_word' id='word_1_306' title='bbox 463 2589 619 2627; x_wconf 81' lang='lat' dir='ltr'><strong><em>omneis.</em></strong></span> 
     </span>
     <span class='ocr_line' id='line_1_36' title="bbox 261 2650 1586 2706; baseline -0.005 -10"><span class='ocrx_word' id='word_1_307' title='bbox 261 2656 299 2706; x_wconf 90' lang='lat'><strong><em>§.</em></strong></span> <span class='ocrx_word' id='word_1_308' title='bbox 332 2656 400 2696; x_wconf 85' lang='lat'><strong><em>47.</em></strong></span> <span class='ocrx_word' id='word_1_309' title='bbox 459 2665 584 2694; x_wconf 80' lang='lat' dir='ltr'><strong><em>autem</em></strong></span> <span class='ocrx_word' id='word_1_310' title='bbox 613 2669 680 2696; x_wconf 76' lang='lat' dir='ltr'><strong><em>ex.</em></strong></span> <span class='ocrx_word' id='word_1_311' title='bbox 736 2650 843 2693; x_wconf 86' lang='lat' dir='ltr'>Flor.</span> <span class='ocrx_word' id='word_1_312' title='bbox 870 2656 991 2694; x_wconf 83' lang='lat' dir='ltr'>etiam</span> <span class='ocrx_word' id='word_1_313' title='bbox 1020 2663 1061 2693; x_wconf 81' lang='lat' dir='ltr'><strong><em>ut</em></strong></span> <span class='ocrx_word' id='word_1_314' title='bbox 1089 2666 1157 2692; x_wconf 80' lang='lat' dir='ltr'><strong><em>ex.</em></strong></span> <span class='ocrx_word' id='word_1_315' title='bbox 1214 2650 1343 2693; x_wconf 86' lang='lat' dir='ltr'><strong><em>Amb.</em></strong></span> <span class='ocrx_word' id='word_1_316' title='bbox 1368 2656 1407 2691; x_wconf 91' lang='lat'><strong><em>1.</em></strong></span> <span class='ocrx_word' id='word_1_317' title='bbox 1438 2653 1586 2691; x_wconf 80' lang='lat' dir='ltr'>omittit</span> 
     </span>
    </p>
   </div>
   <div class='ocr_carea' id='block_1_9' title="bbox 147 2717 1587 2779">
    <p class='ocr_par' dir='ltr' id='par_1_14' title="bbox 147 2717 1587 2779">
     <span class='ocr_line' id='line_1_37' title="bbox 147 2717 1587 2779; baseline -0.003 -16"><span class='ocrx_word' id='word_1_318' title='bbox 147 2733 288 2764; x_wconf 74' lang='lat' dir='ltr'><strong><em>autem.</em></strong></span> <span class='ocrx_word' id='word_1_319' title='bbox 400 2721 622 2764; x_wconf 78' lang='lat' dir='ltr'><strong><em>Atellanae.</em></strong></span> <span class='ocrx_word' id='word_1_320' title='bbox 677 2719 801 2766; x_wconf 89' lang='lat' dir='ltr'><strong><em>Amb.</em></strong></span> <span class='ocrx_word' id='word_1_321' title='bbox 823 2726 862 2765; x_wconf 89' lang='lat'><strong><em>1.</em></strong></span> <span class='ocrx_word' id='word_1_322' title='bbox 893 2735 1055 2779; x_wconf 86' lang='lat' dir='ltr'>quoque</span> <span class='ocrx_word' id='word_1_323' title='bbox 1084 2719 1306 2762; x_wconf 77' lang='lat' dir='ltr'><strong><em>atellaniae.</em></strong></span> <span class='ocrx_word' id='word_1_324' title='bbox 1358 2718 1466 2762; x_wconf 78' lang='lat' dir='ltr'><strong><em>Flor.</em></strong></span> <span class='ocrx_word' id='word_1_325' title='bbox 1493 2717 1587 2762; x_wconf 83' lang='lat' dir='ltr'><strong><em>Par.</em></strong></span> 
     </span>
    </p>
   </div>
  </div>
 </body>
</html>
