1775 3091
380 241 434 281 od
465 239 626 293 Quintil.
658 238 785 279 Instit.
815 236 896 290 ΧῙ,
929 242 966 276 1.
997 238 1030 291 ᾗ.
1053 236 1246 278 45—86.
1443 233 1519 272 431

97 370 256 395 causam
285 354 494 407 defendat,
536 364 575 395 et
605 354 681 395 hoc
709 354 805 393 dum
835 353 951 400 facit,
988 352 1114 392 vereri
1140 365 1181 390 se
1205 349 1324 398 dicit,
1365 357 1407 387 ut
1432 348 1533 387 fides?

95 426 169 462 sibi
191 423 380 462 habeatur
399 424 652 474 defendenti,
691 437 743 461 ne
762 421 910 471 judices
934 422 1063 458 fictam
1082 421 1191 457 illam
1212 419 1342 471 potius
1373 426 1412 456 et
1437 431 1526 455 ora-

96 493 205 530 toriis
226 493 394 530 artificiis
414 499 679 529 constructam
699 490 970 528 defensionem
990 496 1152 540 putent,
1182 500 1301 540 quam
1320 500 1371 523 ex
1393 487 1526 523 animo

96 560 326 611 profectam.
384 557 466 597 Sed
492 560 612 596 malle
636 571 677 595 se
704 560 832 595 virum
868 558 1019 594 bonum
1049 554 1186 592 haberi
1223 568 1344 608 quam
1375 556 1527 591 bonum

96 635 317 665 oratorem:
351 641 442 665 vere
464 640 557 664 cum
577 626 654 662 illis
675 625 820 662 redisse
840 626 882 662 iu
903 625 1092 676 gratiam,
1122 624 1277 677 sibique
1295 624 1528 675 persuasisse

95 694 192 732 falsa
215 708 316 739 esse,
350 707 452 748 quae
471 693 514 730 in
535 707 599 731 eos
621 694 909 742 conjicerentur
935 689 1137 745 crimina]

209 772 246 823 ξ.
276 775 342 812 75.
397 769 502 824 quod
519 780 598 809 aut.
637 769 704 810 Sic
723 769 814 810 Par.
837 774 874 810 1.
894 775 933 810 2.
1019 779 1179 824 propter·
1199 790 1254 800 -ο
1276 785 1396 808 suum.
1432 767 1525 808 Par.

100 844 136 879 1.
158 844 195 879 2.
216 849 375 892 propter
393 837 554 892 aliquod
570 854 677 876 suum
701 854 734 878 c.
758 842 801 876 in
824 854 943 877 causa
961 855 998 893 q.
1017 855 1049 878 s.
1073 848 1138 876 aut
1156 848 1256 877 sunt.
1315 836 1529 889 [Violenta

97 905 235 959 Spald.
260 906 506 955 emendatio,
544 906 634 955 sed,
665 915 709 945 ut
725 908 920 945 sententia
941 915 1114 955 constet,
1153 921 1278 958 paene
1297 908 1528 944 necessaria.

97 974 179 1013 Nec
199 976 327 1012 lenior
343 971 506 1012 vvolffii
526 973 629 1027 opud
647 973 728 1025 jud.
750 989 839 1012 vcro
854 1003 865 1021 ,
897 976 962 1027 qui
981 983 1047 1011 aut
1063 983 1222 1026 propter·
1240 972 1340 1011 alius
1360 988 1530 1011 commo-

98 1041 188 1079 dum
210 1040 360 1079 alicnus
381 1042 431 1078 sit
451 1057 478 1078 α
498 1056 630 1089 causa,
663 1052 728 1080 aut
748 1057 870 1080 suum.
928 1040 1104 1080 Fortasse
1125 1039 1409 1093 Spaldingiana
1429 1055 1531 1094 pau—

95 1111 226 1147 lulum
249 1109 367 1146 etiam
395 1107 470 1146 hac
499 1111 652 1148 ratione
674 1110 850 1159 adjuvari
870 1112 1013 1161 possit,
1058 1112 1090 1148 si
1115 1123 1184 1161 pro
1206 1111 1273 1161 qui
1291 1119 1358 1147 aui
1378 1111 1440 1147 ira
1464 1119 1530 1147 aut

94 1186 254 1230 propter
282 1174 441 1228 aliquod
470 1176 710 1215 commodum
737 1200 794 1207 —-
824 1175 971 1215 alienus
997 1179 1048 1214 sit
1085 1173 1291 1232 (fiacrit),
1339 1179 1531 1216 scribatur

98 1243 204 1298 apud
225 1242 310 1296 jud.
332 1258 442 1290 vcro,
483 1245 543 1281 ira
570 1255 634 1282 aut
654 1254 812 1298 propter
831 1268 886 1274 —
909 1243 1088 1282 alienum.

211 1313 246 1362 §.
279 1315 347 1350 76.
405 1309 499 1350 Hoc
519 1322 554 1349 ct
575 1328 638 1365 ap.
684 1310 750 1351 Sic
773 1310 863 1351 Par.
890 1317 927 1351 1.
948 1318 988 1351 2.

209 1379 244 1430 §.
279 1383 346 1418 77.
405 1377 489 1418 cad.
515 1395 648 1418 causa.
695 1377 763 1418 Sic
785 1378 876 1419 Par.
906 1384 942 1418 1.
966 1384 1006 1418 2.
1095 1390 1390 1434 cognoscaiquc.
1439 1378 1528 1420 Par.

101 1452 138 1485 1.
159 1451 198 1486 2.
221 1455 417 1498 cogatque.
501 1462 616 1500 quam
638 1448 734 1500 ipso.
780 1445 862 1485 Sic.
885 1445 976 1486 Par.
998 1451 1035 1486 1.
1057 1451 1095 1487 2.

209 1514 246 1564 §.
277 1517 345 1552 78.
406 1511 474 1552 lat.
493 1513 648 1566 probat.
689 1511 756 1552 Sic
776 1512 866 1554 Par,
888 1517 924 1552 1.
945 1518 986 1553 2.

208 1582 245 1633 §.
278 1585 346 1620 79.
407 1583 609 1634 reperitur.
650 1579 717 1620 Sic
739 1579 830 1621 Par.
853 1585 890 1620 1.
915 1586 954 1620 2.

207 1651 244 1701 §.
277 1653 343 1688 80.
404 1650 474 1687 ait.
516 1646 609 1687 Par.
634 1653 672 1687 1.
697 1653 737 1687 2.
766 1658 845 1687 aut.

211 1718 247 1768 ξ.
279 1721 346 1755 81.
404 1716 594 1753 incusare.
634 1712 702 1754 Sic
722 1713 813 1755 Par.
834 1718 872 1754 1.
923 1729 1110 1754 accusare
1134 1711 1225 1756 Par.
1252 1720 1291 1756 2.
1379 1717 1530 1759 indicis.

99 1781 190 1823 Par.
215 1787 250 1822 1.
269 1787 308 1822 2.
324 1781 484 1836 judicis.

212 1863 246 1915 §.
281 1865 347 1901 82.
402 1870 518 1914 pater
537 1883 593 1890 —
609 1860 909 1897 matrimonium.
957 1857 1050 1900 Par.
1074 1864 1111 1899 1.
1131 1865 1171 1900 2.
1197 1877 1239 1915 p.
1262 1878 1317 1901 cx
1336 1867 1535 1905 meretrice

99 1933 140 1968 ἰη
159 1931 460 1968 matrimonium.
511 1926 599 1967 Par.
616 1931 656 1966 2.
682 1941 760 1965 sec.
780 1941 834 1966 m.
861 1944 902 1981 p.
934 1943 989 1966 ex
1014 1931 1214 1967 meretrice
1237 1942 1390 1981 natum,
1430 1935 1534 1988 quod

99 2007 200 2036 amet
216 1999 463 2036 meretricem.
550 1993 700 2049 etfilia.
736 1992 826 2033 Par.
848 1999 884 2034 1.
910 2000 950 2035 2.
972 1997 1091 2035 inser.
1112 1997 1160 2035 si.

212 2079 247 2129 §.
279 2079 346 2115 83.
401 2083 613 2128 praetereo.
652 2071 744 2113 Par.
771 2077 809 2112 1.
833 2078 874 2113 2.
893 2085 1107 2128 praeterea.

213 2156 247 2207 ξ.
280 2155 348 2193 84.
408 2155 518 2191 inest.
563 2150 630 2192 Sic
660 2150 751 2191 Par.
778 2157 818 2191 2.
868 2163 925 2190 est
946 2151 1037 2192 Par.
1066 2158 1104 2192 1.
1170 2152 1287 2208 [Aut
1307 2171 1390 2195 non
1410 2158 1533 2198 intel-

100 2224 178 2275 ligo
202 2222 345 2260 harum
363 2223 639 2273 spurcitiarinn
668 2219 942 2267 condiciones,
986 2230 1053 2260 aut
1078 2224 1331 2262 scribeudtun
1352 2234 1410 2264 est
1426 2242 1534 2265 verc-

102 2289 263 2328 candias
291 2305 379 2327 non
409 2298 463 2326 est
482 2290 634 2341 passis,-
679 2289 735 2326 sic
762 2290 871 2325 enim
895 2290 1078 2340 explico:
1119 2289 1195 2329 hoc
1224 2293 1391 2341 injuriae
1409 2307 1534 2346 genus

101 2360 238 2410 utique
257 2356 559 2408 significandum
578 2357 707 2407 potius
729 2369 847 2408 quam
869 2356 1170 2395 describendum
1193 2367 1272 2406 est,
1304 2362 1419 2412 quia,
1452 2365 1534 2402 sive

101 2427 190 2478 quis
209 2426 300 2462 fecit
318 2426 399 2462 sive
420 2438 553 2475 passus
577 2431 657 2472 est,
698 2437 823 2476 aeque
840 2425 1156 2463 inverecimdum
1178 2435 1235 2465 est
1257 2427 1395 2478 dictu]

211 2502 248 2552 ξ.
281 2506 345 2541 85.
405 2501 619 2540 cohaerere.
659 2498 748 2539 Par.
775 2505 812 2540 1.
835 2517 1021 2542 coercere.
1063 2502 1153 2544 Par.
1177 2509 1213 2544 2.
1237 2508 1420 2545 coerceri.

100 2567 324 2608 Assecutus.
367 2567 455 2608 Par.
481 2573 518 2608 1.
542 2574 581 2608 2.
605 2578 767 2607 secutus.

214 2648 249 2697 §.
282 2652 348 2687 86.
403 2649 518 2699 jocis.
561 2646 628 2686 Sic
647 2644 739 2687 Par,
758 2652 797 2687 2.
818 2661 895 2688 sec.
916 2662 970 2686 m.
1011 2646 1107 2688 locis
1130 2647 1222 2689 Par.
1246 2653 1283 2690 1.
1370 2653 1441 2693 vel.
1462 2654 1528 2695 lib.

101 2713 168 2754 Sic
189 2713 279 2757 Par.
308 2720 343 2754 1.
366 2719 401 2754 2.
