1775 3091
468 297 493 314 :-
509 297 550 314 ξφ,
566 309 579 311 Α

195 316 273 356 184
631 316 900 371 Supplcmcnla
932 320 1194 358 annotationis

199 446 277 484 qua
314 439 436 471 tanta.
489 430 623 472 Guelf.
673 432 820 470 omittit
868 441 980 470 tanta
1025 447 1118 471 cum
1158 431 1265 471 Ven.
1334 442 1481 486 quanta
1527 431 1636 472 Jens.

199 496 319 537 Tarv.
361 495 461 538 Loc.

312 566 348 615 §.
386 570 450 605 65.
485 565 620 619 Neque
648 568 758 606 enim.
814 564 881 606 Sic
907 569 1027 606 etiam
1055 565 1163 606 Flor.
1197 565 1323 607 Αῃὼ.
1354 575 1395 610 2.
1425 567 1526 608 Ald.

314 648 387 670 non.
413 643 563 684 putant.
625 632 692 673 Sic
718 633 836 674 Voss.
869 639 931 686 1.,
980 645 1111 688 pulent
1150 634 1240 675 Par.
1273 642 1313 676 2.
1349 641 1387 677 5.
1439 646 1478 676 et
1516 639 1641 676 noslti

201 714 362 749 omnes,
402 702 479 737 nisi
515 702 662 740 fallunt
701 711 899 755 excerpta.
968 701 1034 740 Ita
1073 705 1108 740 si
1142 704 1267 742 vincet
1306 704 1469 744 utilitas.
1529 704 1640 743 Haec

203 769 348 805 omittit
384 770 504 805 etiam
541 766 649 807 Flor.
690 783 712 807 a
741 785 799 822 pr.
831 785 887 808 m.
1013 769 1240 810 debebimus.
1302 771 1476 810 debemus
1516 770 1639 812 Goth.

201 833 319 873 Voss.
347 839 386 873 2.
421 849 513 873 cum
545 836 634 875 edd.
667 846 756 875 ante
787 836 921 887 Sich.‚
954 852 1040 876 exc.
1073 835 1211 891 Camp.
1241 837 1341 879 Ald.

314 902 348 952 §.
395 905 459 940 66.
528 903 801 943 Demosthenes
849 916 975 944 autem
1025 904 1086 943 asl-
1159 904 1227 944 Sic
1272 909 1391 945 etiam
1430 905 1555 947 Aan.
1602 912 1641 948 1.

203 965 290 1021 (qui
318 978 518 1020 praeterea
547 969 783 1024 Aeschinen)
814 978 853 1012 2.
897 972 1006 1012 Parr.
1034 987 1194 1025 01nne53
1226 971 1334 1013 Flor.
1364 984 1528 1016 tacetur.

202 1034 374 1074 Marcus
408 1036 575 1078 Tullius.
629 1039 880 1079 Praenomen
911 1042 1038 1079 omitt.
1069 1038 1205 1080 Turio.
1238 1038 1377 1095 Camp.

317 1103 351 1154 §.
389 1109 453 1143 67.
502 1153 509 1159 ⁸
542 1117 702 1158 gur-ata.
752 1110 895 1162 figura
924 1107 1060 1147 Turio.
1092 1122 1114 1146 a
1135 1123 1195 1160 pr.
1222 1122 1278 1148 m.
1314 1108 1422 1150 Flor.
1455 1125 1477 1148 a
1504 1125 1563 1162 pr.
1587 1125 1642 1150 m.

204 1168 315 1208 Alm.
346 1168 466 1211 Δῃὼ.
498 1180 536 1213 2.
569 1174 686 1214 Voss.
711 1181 746 1214 1.
769 1181 806 1215 3.
838 1174 960 1214 Bern.
1075 1185 1195 1214 totam
1222 1187 1389 1230 partem.
1446 1176 1645 1217 Ordinem

201 1239 364 1277 invertit
385 1238 524 1293 Cmnp.
612 1243 990 1294 vehementissimam,
1013 1246 1129 1297 cnjusc
1176 1241 1209 1282 F
1212 1246 1284 1283 lor.
1305 1259 1326 1282 a
1345 1260 1403 1296 pr.
1416 1259 1471 1283 m.
1503 1245 1644 1284 vehem.

204 1303 300 1357 leget
341 1309 466 1360 cztj11S,
509 1324 600 1347 cum
634 1308 755 1350 Goth.
871 1311 1102 1365 optandum,
1145 1321 1192 1349 et.
1228 1310 1363 1350 Turio.
1407 1321 1445 1350 et
1475 1311 1584 1352 Flor.
1623 1327 1645 1350 a

205 1387 265 1424 pr.
298 1388 352 1412 m.
414 1376 649 1428 operandum
677 1388 725 1417 et.
843 1395 993 1417 aversa.
1053 1377 1218 1417 adversa
1247 1379 1342 1417 dant
1372 1381 1491 1417 etiam
1519 1378 1644 1419 Amb.

209 1443 246 1478 1.
278 1439 366 1480 Par.
385 1446 420 1481 1.
537 1443 772 1497 languescat.
829 1445 949 1486 Goth.
984 1447 1207 1499 languescit,
1236 1445 1361 1485 Αῃὼ.
1382 1451 1418 1486 1.
1451 1446 1645 1499 languere.

317 1511 352 1557 ξ.
387 1514 451 1549 68.
507 1515 661 1564 pressit.
709 1513 834 1554 Amb.
862 1519 898 1553 1.
932 1529 953 1552 a
976 1529 1034 1566 pr.
1055 1529 1110 1552 m.
1165 1515 1356 1566 praessit‚
1409 1512 1516 1552 Flor.
1542 1529 1643 1566 apr.
1681 1542 1683 1544 -

204 1567 259 1614 in.
303 1574 436 1617 Turio.
478 1576 587 1619 Alm.
619 1592 803 1633 praestat.
928 1583 968 1619 in
1007 1581 1271 1620 Demosthene.
1340 1583 1380 1618 in
1422 1581 1647 1619 Demosthe-

206 1658 288 1680 nem
318 1642 454 1684 Turio.
477 1644 584 1685 Flor.
604 1646 728 1687 Αῃὼ.
749 1653 784 1687 1.
809 1647 900 1701 (nisi
919 1650 1025 1702 quod
1044 1650 1110 1688 hic
1137 1647 1418 1701 demosthenem)
1450 1654 1489 1688 2.
1521 1647 1644 1688 Bern.

208 1708 346 1763 Camp.
377 1711 485 1752 Jens.
518 1711 640 1754 Tarv.
671 1713 768 1754 Ald.
870 1719 1029 1770 fleoeum
1054 1715 1114 1754 illi
1137 1726 1282 1756 mutan.
1330 1715 1436 1755 Flor.
1457 1717 1509 1770 fl.
1538 1716 1646 1754 illum

206 1787 299 1816 mut.
333 1787 370 1817 et
389 1795 410 1817 e
435 1782 537 1830 conj.
570 1779 688 1833 Regii
715 1782 823 1821 Ven.
852 1781 1005 1836 Gryph.
1035 1787 1116 1823 alii.
1211 1800 1285 1822 non
1314 1783 1477 1823 Sallust.
1508 1782 1645 1823 Turio.

207 1861 279 1882 non
311 1848 346 1883 si
372 1846 474 1886 Sall.
515 1857 553 1886 et
584 1864 682 1887 mox
712 1864 732 1888 a
765 1865 823 1902 pr.
862 1865 916 1890 m.
977 1849 1022 1889 dc
1055 1862 1156 1889 recto
1188 1866 1280 1890 cum
1315 1850 1423 1890 Flor.
1549 1853 1649 1889 sicut

209 1922 243 1948 ct
279 1911 358 1953 Cic.
419 1913 555 1955 Turio.
588 1931 609 1954 a
638 1933 696 1969 pr.
727 1933 781 1957 m.
813 1917 920 1957 Flor.
951 1918 1063 1958 Alm.
1094 1917 1324 1959 A112b.1.2.
1355 1916 1489 1958 Guelf.
1548 1921 1648 1957 sicut

211 1980 315 2027 Cic„
355 1980 471 2021 Voss.
497 1988 533 2022 1.
561 1985 618 2023 sic
658 1984 737 2024 Cic.
844 1988 1035 2039 patientia
1070 1997 1218 2026 nostra.
1275 1985 1357 2025 Has
1388 2001 1501 2025 voces
1528 1989 1648 2025 omit-

209 2055 298 2085 tunt
328 2047 463 2089 Tul-ic.
496 2050 604 2090 Flor.
639 2050 752 2091 Alm.
785 2051 908 2093 Amb.
935 2059 971 2093 1.
1005 2060 1043 2094 2.
1077 2052 1214 2094 Guelf.
1246 2052 1361 2093 Voss.
1392 2059 1428 2093 1.
1453 2059 1490 2093 3.
1522 2052 1646 2093 Goth.

210 2112 346 2167 Camp.
410 2117 533 2170 [Mihi
562 2120 724 2173 quidem
743 2123 943 2160 verissime
974 2122 1131 2161 videtur
1160 2119 1314 2160 Cortius
1344 2121 1392 2159 ad
1412 2120 1647 2160 Sallustium

208 2197 298 2234 pag.
341 2188 445 2225 1048
467 2188 688 2238 judicasse,
730 2197 940 2242 utrumque
970 2191 1122 2238 locum,
1164 2191 1233 2226 ubi
1266 2185 1541 2238 Quintilianus
1577 2188 1648 2226 de·-

208 2252 486 2292 clamationen]
511 2256 625 2294 illam
659 2265 848 2310 tanquam
875 2255 1055 2295 Sallustii
1090 2256 1248 2305 laudat,
1294 2257 1512 2293 insiticium
1550 2270 1646 2295 esse.

207 2317 254 2357 Iu
289 2323 419 2360 altero·
438 2325 524 2362 loco
556 2321 643 2374 IX,
675 2328 699 2363 3
739 2324 921 2362 codicum
960 2326 1157 2362 bonorum
1191 2325 1398 2361 auctoritas
1430 2338 1516 2362 rem
1548 2337 1647 2362 con-2

209 2389 301 2438 ficit,
337 2391 383 2427 ab
408 2390 498 2440 hoc,
527 2405 620 2429 cum
643 2388 916 2441 Quintilianus
947 2393 994 2430 de
1021 2392 1233 2442 judiciariis
1265 2393 1506 2429 orationibus
1529 2391 1646 2438 dicat,

207 2459 356 2494 mentio
378 2460 597 2496 subitarum
625 2461 668 2496 in
691 2457 841 2498 Senatu
870 2461 1173 2498 altercationum
1200 2460 1437 2496 alienissima
1459 2466 1527 2509 est,
1558 2466 1649 2496 tan-

208 2531 370 2577 tumque
394 2527 502 2564 abest
530 2534 574 2564 ut
602 2528 645 2563 in
671 2528 718 2564 iis
738 2516 1002 2578 apostrophen
1027 2529 1237 2580 quisquam
1257 2528 1428 2573 miretur,
1455 2534 1500 2563 ut
1524 2526 1647 2563 oratio

208 2592 319 2629 aliter
357 2594 510 2631 institui
550 2595 761 2647 nequierit.
827 2590 964 2647 Atque
1003 2594 1106 2632 hanc
1149 2608 1218 2646 ego
1266 2608 1425 2632 causam
1472 2593 1646 2631 sufficere

212 2665 325 2708 puto,
366 2674 435 2697 cur
468 2663 587 2699 verba
628 2659 764 2710 Quid?
802 2676 875 2698 non
903 2660 1114 2699 Sallustius
1148 2675 1271 2713 usque
1310 2661 1360 2698 ad
1393 2658 1459 2697 Ac
1490 2674 1533 2695 ne
1564 2658 1647 2710 quis

208 2738 231 2762 a
252 2727 409 2765 novicio
432 2728 604 2779 quodam
632 2730 829 2780 magistro,
863 2729 1119 2779 applicandae
1142 2729 1342 2767 doctrinae
1369 2741 1461 2765 suae
1488 2724 1644 2776 cupido,

210 2792 260 2831 ad
290 2801 398 2833 vetus
439 2795 718 2846 compendium
748 2795 939 2846 adscripta
971 2803 1215 2835 censeantur.
1276 2792 1460 2833 Ceterum
1489 2794 1646 2831 libellus
