1775 3091
188 215 241 254 acl
264 214 394 269 Quini.
416 213 513 254 Inst.
536 212 593 264 Π,
618 218 683 254 10.
705 215 740 266 §.
759 216 804 252 11
820 213 952 253 -15.
987 215 1051 251 11.
1075 210 1107 263 ᾗ.
1123 215 1254 258 ‚1—7.
1299 215 1363 252 12.
1385 211 1422 262 §.
1443 218 1480 253 2.
1541 218 1592 254 91

270 331 306 383 §.
337 335 377 371 2.
435 327 578 382 neglig.
609 344 715 367 suae.
773 342 864 365 suae
902 340 982 367 om.
1011 323 1135 365 Amb.
1168 330 1208 365 2.
1271 323 1597 378 [Pavmnlarium

158 412 253 437 eum
274 413 354 438 esse
367 427 378 449 ‚
419 400 490 451 qui
510 398 640 436 faveat
656 398 700 434 in
719 394 873 435 theatro
894 403 1013 450 atque
1042 408 1161 434 arena
1179 392 1462 446 gladiatoribus
1477 426 1487 445 ‚
1525 397 1597 449 qui

157 467 208 504 ab
239 474 437 505 armatura
464 463 639 504 Thraces
662 465 887 504 dicerentur
904 495 914 514 ‚
953 478 975 502 a
995 465 1087 503 viris
1107 463 1230 502 doctis
1249 461 1301 501 ad
1319 459 1486 502 Sueton.
1504 461 1597 502 Do-

155 536 244 574 mit.
265 549 300 574 c.
322 539 373 573 10
395 535 662 573 observatum.
715 529 912 582 Gesner]

268 602 305 652 ᾗ.
337 605 375 641 3.
434 599 565 653 Igitur
597 602 751 653 impetu.
811 610 846 638 ct
873 602 990 638 inser.
1017 597 1126 638 Jens.
1159 606 1199 638 et
1228 605 1328 652 post.
1357 606 1450 638 ante
1482 596 1595 640 Sich.

238 685 358 723 neque
387 670 500 708 enim.
556 665 618 706 Ita
644 666 780 707 Turic.
819 665 947 707 Amb.
983 671 1020 706 1.
1064 666 1204 720 Camp.
1326 665 1437 705 rebus
1461 668 1595 722 fictis,

148 736 237 789 fict-
271 736 348 775 reb.
378 734 485 775 Flor.
517 732 638 775 Goth.

267 804 302 856 §.
335 804 375 843 4.
435 813 660 857 expectant.
717 800 778 842 Ita
801 804 922 842 etiam
943 801 1047 842 Flor.
1068 800 1194 843 Amb.
1219 808 1259 844 2.
1287 800 1411 843 Paris.
1438 807 1474 842 1.
1494 807 1534 843 2.
1558 806 1596 842 3.

153 869 295 926 Camp.
317 874 408 911 fort.
430 870 554 910 Amb.
578 876 616 910 1.
705 871 894 926 insti-neti.
936 873 1118 909 instructi
1138 869 1278 924 Camp.
1340 867 1439 924 [Ad
1457 878 1598 910 notam

154 947 309 992 exeget.
331 938 557 993 Spaldingii
579 940 628 977 cf.
650 939 772 991 praef.
796 936 892 978 Vol.
914 935 934 977 I
955 954 992 991 p.
1015 935 1294 990 LXXXIII]

264 1008 300 1060 ξ.
332 1010 371 1048 5.
429 1004 633 1046 modulati.
702 1004 879 1044 meditati
915 1009 1035 1046 etiam
1072 1005 1196 1046 Paris.
1233 1011 1269 1045 1.
1303 1011 1343 1046 2.
1376 1010 1413 1046 3.
1456 1003 1596 1059 Camp.

153 1075 244 1114 fort.
276 1073 384 1114 Flor.
415 1073 539 1114 Amb.
569 1078 605 1112 1.
724 1072 987 1113 connectendi.
1046 1073 1290 1126 conjectandi
1318 1072 1455 1113 Turlc.
1478 1088 1501 1112 a
1521 1089 1597 1113 sec.

151 1156 211 1182 m.
242 1141 374 1195 (prius
394 1143 471 1179 fuit
492 1138 751 1193 conjectandi)
781 1138 921 1192 Camp.
1036 1156 1085 1179 ac
1105 1151 1211 1180 nota.
1261 1138 1329 1181 Sic
1354 1143 1476 1181 etiam
1492 1139 1598 1181 Flor.

154 1207 297 1262 Camp.
321 1206 436 1248 Alm.
459 1209 551 1246 fort.
573 1205 699 1246 Amb.
726 1211 762 1246 1.

264 1277 301 1328 ξ.
337 1280 374 1315 6.
435 1290 575 1315 causas
594 1285 733 1314 tamen.
792 1271 1017 1327 Receptam
1045 1282 1211 1314 tuentur
1241 1265 1379 1315 Turio.
1407 1272 1533 1315 Amb.
1560 1278 1598 1314 1.

152 1348 195 1385 2.
223 1342 349 1384 Paris.
380 1346 417 1381 1.
447 1346 485 1382 3.
519 1338 669 1396 (Paris.
702 1347 742 1382 2.
773 1339 948 1397 mnium)
981 1350 1020 1382 et
1050 1344 1140 1383 edd.
1170 1351 1326 1397 praeter
1359 1350 1600 1382 memoratas

150 1409 273 1451 Tarv.
294 1409 403 1464 Ven.
520 1413 563 1448 ἰη
592 1409 666 1450 his.
727 1410 768 1447 in
794 1410 843 1448 iis
875 1408 1010 1450 Turio.
1031 1409 1131 1451 ΑΜ.
1157 1409 1290 1452 Colin.
1348 1411 1422 1463 iis,
1454 1425 1533 1450 0111.
1559 1412 1600 1449 in

150 1477 260 1520 Jens.
284 1488 323 1519 et
342 1482 558 1534 pleraeque
578 1478 668 1518 edd.
690 1486 786 1517 vert.
847 1479 887 1516 in
907 1477 968 1517 his
988 1480 1084 1534 ipsis
1103 1478 1245 1534 Camp.
1354 1477 1597 1532 jaculantur.

146 1545 268 1601 jocul.
298 1545 406 1587 Flor.
434 1561 458 1586 a
488 1561 544 1586 m.
575 1561 636 1600 pr.
670 1543 804 1586 Guelf.

265 1616 299 1668 §.
326 1619 367 1657 7.
422 1625 463 1654 ut
494 1613 632 1655 dissol.
694 1630 750 1653 ex
781 1613 916 1655 dissol.
948 1613 1085 1655 Turio.
1125 1630 1148 1655 a
1181 1630 1240 1669 pr.
1271 1629 1327 1654 m.
1367 1629 1461 1655 cum
1488 1612 1596 1655 Flor.

148 1681 262 1725 'Alm.
379 1693 579 1723 comment.
597 1699 706 1737 puer.
725 1684 788 1722 sit.
828 1686 883 1721 sit
898 1700 1007 1737 puer.
1031 1699 1166 1723 comm.
1186 1681 1324 1723 Turio.
1343 1682 1375 1722 F
1378 1686 1452 1723 lor.
1473 1680 1598 1723 Goth.

151 1749 289 1792 Guelf.
332 1748 473 1804 Camp.
518 1750 626 1790 Jens.
669 1759 708 1789 et
744 1758 844 1803 post.
884 1759 976 1789 ante
1012 1749 1191 1806 Gryph.3
1252 1766 1333 1791 acc.
1369 1749 1471 1791 Obr.
1509 1750 1599 1789 fort.

151 1817 278 1859 Amb.
319 1823 356 1859 1.
485 1817 791 1857 declamantibus
838 1816 1014 1857 laudata.
1096 1817 1347 1857 laudantibus
1378 1816 1601 1867 declamata

152 1883 294 1940 Camp.
323 1884 454 1926 Andr.
572 1895 748 1938 regerunt
788 1884 892 1924 Pott.
934 1895 1100 1926 annotat
1134 1902 1216 1926 esse
1253 1889 1298 1925 111
1328 1885 1452 1926 Paris.
1484 1889 1523 1925 1.
1557 1887 1596 1925 5.

153 1952 294 2008 Camp.
414 1953 590 2006 redigunt
610 1955 654 1991 111
675 1952 798 1993 l'ariS.
822 1958 860 1994 2.
877 1985 887 2004 ,
920 1954 968 1993 de
990 1957 1128 1994 ceteris
1146 1963 1264 1995 tacet.

704 2075 736 2118 C
770 2091 798 2117 A
828 2092 866 2117 ι’.
925 2074 1044 2118 XII.

264 2158 302 2207 §.
333 2162 373 2198 2.
434 2159 475 2196 in
493 2172 677 2211 pugnam.
737 2159 779 2196 in
801 2158 937 2195 rixam
963 2157 1060 2197 dant
1081 2160 1203 2197 etiam
1234 2157 1315 2197 duo
1346 2170 1437 2196 mss.
1466 2154 1596 2195 Palat.

149 2224 257 2279 apud
292 2222 554 2265 Gebhardum
585 2223 787 2277 Crepund.
823 2223 942 2265 Bodl.
973 2224 1086 2266 Alm.
1120 2225 1244 2266 Paris.
1280 2229 1318 2265 1.
1348 2230 1388 2265 2.
1417 2229 1456 2264 3.
1488 2221 1596 2262 Flor.

150 2291 277 2332 Amb.
298 2298 337 2332 2.
363 2291 503 2346 Camp.
525 2295 617 2332 fort.
636 2292 761 2332 Amb.
786 2297 823 2332 1.
885 2292 1072 2346 [Rixam
1100 2295 1180 2333 dici
1209 2296 1332 2332 etiam
1360 2293 1409 2331 de
1428 2299 1599 2330 conten-

155 2362 265 2399 tione
299 2375 400 2415 quee
430 2363 472 2401 vi
508 2369 547 2400 et
569 2363 687 2399 armis
716 2363 804 2411 fiat,
845 2359 983 2414 Spald.
1016 2365 1059 2401 in
1089 2370 1185 2401 nota
1215 2363 1350 2400 critica
1378 2360 1527 2407 docuit,
1559 2365 1598 2395 et

150 2429 250 2467 alios
293 2430 400 2467 locos
441 2437 622 2468 veterum
651 2430 888 2481 scriptorum
916 2433 1137 2484 exemplari
1162 2443 1234 2469 suo
1263 2428 1468 2480 adscripsit
1496 2425 1596 2464 hos:

150 2493 296 2535 Senec.
325 2497 439 2548 epist.
467 2496 522 2536 74
550 2504 638 2548 post
663 2499 752 2535 init.
811 2496 941 2538 Nemo
971 2513 1138 2538 manum
1166 2498 1336 2537 conserit
1366 2509 1460 2534 eum
1486 2507 1599 2531 rece-

156 2559 298 2613 dente,
356 2577 475 2602 nemo
524 2571 744 2603 exeuntem
794 2566 911 2606 ferit:
969 2570 1072 2606 circa
1111 2567 1337 2619 praemium
1384 2564 1483 2601 rixa
1526 2567 1597 2598 est.

155 2625 324 2667 Sueton.
354 2628 501 2669 Neron.
535 2646 569 2670 c.
603 2635 671 2671 26.
710 2634 754 2670 111
792 2635 984 2684 ejusmodi
1025 2636 1130 2672 rixis
1170 2634 1378 2672 oculorum
1419 2645 1464 2669 ac
1493 2629 1598 2666 visae

156 2697 380 2748 pericultun
412 2697 518 2736 adiit.
577 2696 725 2739 Ascon.
747 2703 791 2738 in
810 2716 962 2754 argum.
983 2701 1125 2741 Mllon.
1146 2716 1186 2753 p.
1210 2704 1289 2740 527
1321 2696 1485 2738 Sohiitz.
1506 2708 1599 2736 cum
