1775 3091
149 224 200 257 86
586 222 858 279 Supplcmenta
885 228 1146 266 annotationis

719 369 878 413 ΕΑΓ.
939 371 1026 412 IX.

268 471 303 519 ξ.
340 473 375 506 1.
435 469 480 507 de
501 471 654 526 qfficiis.
714 471 761 511 de
782 474 913 530 officio
935 473 1059 514 Δηὼ.
1084 479 1121 514 1.
1235 475 1278 514 id
1296 486 1421 517 unum,
1471 478 1511 516 in
1530 493 1592 518 un.

160 535 281 573 etiam
302 538 408 574 Flor.
435 536 559 576 Amb.
583 544 621 578 2.
644 538 766 581 Paris.
792 546 828 581 1.
863 541 1018 595 Camp..

273 603 308 654 §.
341 609 380 643 2.
441 620 509 643 con
535 616 603 645 crt.
661 607 833 664 confiret
867 607 995 650 Amb.
1028 615 1091 662 1.‚
1141 620 1187 651 ut
1223 614 1381 652 volebat
1408 610 1598 652 Francius

162 669 269 720 apud
304 669 597 713 Burmannum.
712 687 748 715 et
777 675 941 717 alacres,
999 688 1035 716 et
1063 682 1190 732 omitt.
1227 678 1364 720 Turio.
1400 695 1424 719 a
1451 694 1506 719 m.
1536 694 1597 732 pr.

162 733 277 776 Alm.
299 736 403 777 Flor.
427 738 553 779 Amb.
575 747 614 782 2.
674 742 900 799 alacresque
926 742 1052 786 Amb.
1077 751 1114 787 1.
1144 746 1261 787 Voss.
1285 753 1323 787 3.

276 806 310 856 §.
343 810 381 845 3.
441 817 482 844 ut
501 806 655 847 illorum
674 812 846 865 qfficium
864 822 930 850 est.
990 818 1033 851 'ut
1063 815 1104 851 in
1133 813 1190 854 ill.
1222 815 1352 870 qfficio
1378 825 1435 853 cst
1460 812 1599 854 Turio.

164 885 187 911 a
207 886 284 912 sec,
306 887 361 910 m.
394 873 523 926 (prius
545 886 626 915 erat
644 879 800 932 qffioio,
830 879 900 918 sed
920 894 998 918 om.
1020 882 1081 929 in,
1111 889 1158 920 ut
1177 890 1234 920 est
1253 885 1296 920 in
1315 880 1458 935 Ahn.)
1480 879 1600 921 Bodl.

166 936 305 992 Camp.
374 952 415 979 ut
453 941 514 983 ill.
557 945 681 1000 qfficii
716 957 771 984 cst
807 945 913 986 Flor.
1028 948 1209 1003 szffficiet.
1268 949 1413 1004 sufficit
1448 956 1603 1001 praeter

162 1003 277 1045 AJm.
303 1010 424 1047 etiam
447 1008 581 1051 Turio.
601 1011 708 1053 Flor.
727 1013 850 1054 Paris.
879 1019 916 1054 1.
940 1020 979 1056 2.
1003 1019 1040 1054 3.
1073 1014 1212 1069 Camp.
1238 1014 1338 1056 Obr.
1363 1013 1454 1054 fort.
1475 1013 1602 1054 Amb.

165 1077 204 1112 1.
320 1076 532 1132 corfirtur.
593 1081 659 1134 qff'.
702 1080 841 1136 Camp.
953 1082 1123 1137 foverit,
1169 1083 1331 1140 fove-ret
1361 1082 1469 1123 Jens.
1503 1080 1604 1122 Loc.

159 1138 315 1193 fuderit
330 1142 457 1185 Amb.
481 1150 517 1185 1.
576 1151 675 1187 verit
695 1148 811 1190 Alm.
870 1153 991 1188 verrit
1013 1149 1120 1190 Flor.
1178 1154 1294 1190 vertit
1322 1149 1458 1190 Turio.
1515 1165 1606 1188 ver-

164 1210 255 1249 terit
278 1209 417 1265 Camp.
477 1212 619 1255 sulcus.
679 1233 817 1258 succus
840 1216 977 1257 'sm-ic.
1011 1216 1151 1273 Camp.

743 1342 776 1384 C
810 1358 838 1384 A
870 1360 909 1386 P.
968 1342 1027 1383 Χ.

281 1415 318 1464 §.
357 1421 391 1457 1.
449 1434 577 1471 parva
597 1431 697 1462 sunt.
754 1439 796 1477 p.
819 1425 895 1463 sint
915 1422 1028 1463 Flor.>
1128 1437 1177 1461 ac
1197 1422 1294 1460 satis
1313 1435 1445 1460 exerc.
1495 1429 1610 1474 atque

166 1495 201 1519 s.
224 1496 254 1520 e.
287 1480 422 1526 Guelf.
482 1497 597 1541 atque
621 1506 677 1538 e.,
718 1504 796 1529 om.
826 1493 946 1540 satis,
976 1489 1103 1530 Amb.
1130 1494 1166 1529 1.
1282 1487 1492 1541 ingredior.
1545 1484 1610 1527 Ita

167 1551 319 1598 primus
353 1552 482 1604 dedit,
524 1566 722 1609 quantum
749 1558 889 1609 video,
933 1557 1088 1609 Stoer.;
1140 1559 1307 1596 silentur
1334 1554 1470 1595 Turio.
1499 1554 1607 1595 Flor.

168 1612 292 1655 Amb.
317 1622 353 1658 1.
378 1618 517 1674 Camp.
581 1622 776 1677 [Pottier.
797 1629 951 1666 notavit
972 1625 1170 1678 ingredior
1191 1640 1211 1663 e
1232 1623 1354 1664 Paris.
1381 1627 1418 1662 1.
1442 1627 1480 1662 3.
1497 1654 1508 1674 ,
1547 1626 1612 1662 in·-

166 1683 331 1734 gresliar
364 1703 384 1725 e
413 1687 537 1730 Paris.
558 1696 598 1732 2.
631 1693 701 1731 sed
730 1693 848 1745 hujus
867 1696 1082 1746 scripturae
1104 1694 1349 1745 cognitorem
1369 1691 1465 1729 facit
1489 1692 1611 1730 etiam

171 1748 479 1807 Spaldingium‚
517 1768 563 1797 ut
588 1762 740 1799 nescias
767 1764 957 1815 numquis
989 1775 1094 1800 error
1114 1763 1156 1798 iu
1177 1762 1284 1798 illius
1309 1760 1500 1810 excerptis
1520 1772 1614 1797 ver-

169 1826 289 1860 setur.
357 1822 501 1864 Tacuit
533 1827 582 1865 de
609 1825 733 1866 Paris.
767 1831 806 1866 4.
828 1836 867 1867 et
885 1827 945 1879 5.]
1061 1826 1224 1866 declam.
1259 1835 1336 1865 rat.
1408 1835 1485 1865 rat.
1515 1824 1614 1865 decl.

170 1884 298 1928 Amb.
320 1894 358 1929 1.
474 1896 534 1933 ita
548 1893 682 1934 multo.
742 1896 801 1934 ita
827 1905 864 1934 et
891 1912 942 1935 m.
972 1893 1095 1937 Goth.
1127 1893 1244 1934 Voss.
1267 1898 1307 1933 2.
1339 1908 1431 1932 cum
1449 1892 1556 1933 Jens.
1576 1901 1616 1933 et

170 1964 272 2006 post,
296 1945 388 1998 mlta
411 1958 521 2000 Sich.

287 2027 322 2077 §.
358 2031 395 2066 3.
456 2028 584 2082 culpa.
644 2028 799 2084 culpam
829 2029 966 2071 Turio.
987 2028 1097 2070 Alm.
1131 2028 1271 2084 Camp.
1309 2044 1402 2069 cum
1430 2028 1547 2070 Voss.
1578 2034 1617 2068 1.

175 2093 214 2127 3·
243 2090 364 2134 Berll·
427 2099 467 2137 in
490 2096 643 2151 culpam
662 2100 767 2138 Jens.
790 2107 829 2138 et
849 2107 950 2151 post.
973 2107 1064 2138 ante
1085 2096 1185 2138 Bad.
1235 2133 1238 2135 ,
1302 2097 1453 2137 recidit.
1513 2112 1618 2136 rece-

176 2157 235 2198 dit
258 2160 394 2203 Turio.
419 2162 536 2204 AJm.

292 2231 329 2280 §.
362 2232 402 2272 4.
462 2235 634 2274 veritati.
692 2236 870 2273 veritatis
897 2231 1023 2273 Amb.
1049 2238 1086 2273 1.

293 2300 329 2349 §.
361 2305 399 2341 5.
455 2311 713 2354 pertractare.
772 2311 947 2341 tractare
965 2303 1085 2341 etiam
1104 2300 1210 2341 Flor.
1228 2298 1353 2340 Aan.
1377 2305 1416 2339 2.
1438 2297 1562 2339 Paris.
1580 2302 1619 2339 5.

181 2368 321 2422 Camp.
340 2368 439 2410 Obr.
462 2372 552 2410 fort.
572 2368 696 2409 Amb.
713 2374 751 2410 1.
807 2379 1055 2424 pertractare
1071 2367 1234 2409 Pottier.
1261 2369 1315 2407 ait
1334 2369 1414 2420 legi
1434 2369 1477 2405 iu
1495 2366 1618 2407 Paris.

182 2442 220 2476 1.
253 2443 291 2478 2.
329 2438 377 2475 de
406 2440 568 2492 reliquis
596 2447 741 2477 tacens.
854 2439 1129 2490 permittemus.
1185 2438 1453 2490 permittamus
1482 2433 1620 2474 Turic.

179 2503 287 2544 Flor.
309 2504 427 2545 Voss.
452 2511 489 2545 1.
511 2511 549 2545 3.
580 2505 703 2546 Paris.
730 2510 767 2545 1.
799 2503 940 2557 Camp.
997 2507 1225 2559 permittant
1245 2502 1371 2544 Amb.
1398 2507 1434 2542 1.
1494 2516 1624 2554 expa-

182 2573 333 2609 ticntur.
395 2583 428 2610 ct
449 2576 663 2626 spatientur
689 2571 815 2613 Amb.
841 2577 877 2612 1.

295 2640 331 2688 ξ.
365 2644 401 2678 6.
461 2640 576 2681 Erat.
648 2641 737 2679 Erit
775 2639 850 2692 (cf.
891 2649 976 2679 not?
1017 2655 1128 2692 exeg.
1169 2639 1272 2692 Sp.)
1310 2645 1464 2691 praeter
1501 2633 1619 2674 Bodl.

181 2704 295 2747 Aha
321 2710 439 2746 etiam
462 2706 567 2748 Hor.
591 2707 681 2749 Par.
704 2713 740 2748 1.
771 2709 909 2760 Camp.
932 2706 1040 2747 Jens.
1065 2707 1184 2748 Tarv·
1207 2707 1307 2748 Obr.
1330 2707 1421 2745 fort.
1445 2701 1568 2743 Amb.
1585 2707 1622 2741 1.
