1775 3091
215 231 294 270 274
666 223 935 279 Supplementa
963 224 1223 262 annotationis

218 347 330 383 idone.
379 341 499 381 Tarv.
531 348 569 378 et
600 337 690 376 edd.
724 350 836 375 meae
865 351 1001 376 omnes
1035 336 1320 389 cogitationem.
1434 333 1501 373 secl
1527 338 1651 390 quasi.

218 411 321 450 Flor.
354 425 449 464 quae
479 424 531 446 se.
644 403 787 458 qfl‘erat
813 420 863 444 se.
915 403 1054 456 Camp.
1090 420 1130 442 se
1159 403 1316 459 ‹ffirau
1430 418 1514 442 occ·
1538 413 1572 442 ct
1596 415 1652 448 ut.

220 478 356 530 Camp.
380 490 458 516 om.
478 484 526 512 cl.
612 481 651 510 ut
676 469 820 510 literae.
870 469 1006 510 Turio.
1040 486 1061 508 a
1081 486 1140 523 pr.
1163 485 1220 510 m.
1249 473 1369 510 inser.
1391 485 1459 511 em.
1510 481 1512 483 ’
1546 473 1656 523 cogi-

217 547 411 584 mlioncm.
470 540 578 579 Jens.
615 539 862 590 cogitatione.
969 540 1149 578 rationes.
1201 538 1337 579 Turio.
1367 537 1475 578 Flor.
1514 536 1654 590 Camp.

221 611 343 653 Goth.
365 609 489 650 Amb.
509 613 549 648 2.
577 609 777 645 rationem.
838 605 950 658 [Hoc
971 609 1005 644 si
1023 609 1234 659 recipiatur
1247 637 1259 658 ‚
1290 606 1522 645 emendatus
1543 605 1656 644 vide-

222 684 325 720 bitur
351 681 485 726 locus,
523 673 739 713 dummodo
769 682 970 725 praeterea
997 676 1165 726 corrigas
1187 683 1382 728 sequatur.
1440 671 1655 713 Rationem

220 751 327 785 enim
356 746 532 798 sequitur
560 748 886 794 argumentorum
915 741 1104 792 varietas,
1142 744 1176 780 si
1197 744 1306 783 varia
1328 749 1561 794 argumenta
1583 754 1655 794 pro

219 817 408 868 cujusque
428 812 485 849 rei
507 810 741 849 condicione
769 822 809 847 se
834 807 1039 860 offerunt]

783 929 814 972 C
848 944 875 970 Α
908 945 945 971 ι’.
1003 928 1093 971 XI.

331 1018 366 1069 §.
390 1019 427 1055 1.
473 1013 648 1051 Tertium
665 1026 753 1063 gen.
799 1008 925 1049 Amb.
943 1015 984 1050 2.
1002 1008 1109 1048 Flor.
1129 1024 1151 1048 a
1169 1024 1321 1066 secsm.
1341 1011 1478 1049 inserr.
1502 1015 1572 1048 esi.

221 1101 274 1125 em
293 1087 358 1125 iis,
407 1081 530 1124 Amb.
552 1085 588 1119 1.
610 1085 650 1119 2.
683 1076 817 1118 Guelf.
850 1076 989 1130 Camp.
1011 1075 1121 1116 Sich.
1146 1093 1199 1115 ecc
1218 1077 1289 1116 his.
1399 1076 1655 1135 adducuntur.-

220 1152 355 1193 Guelf.
379 1149 504 1190 Amb.
527 1153 567 1188 2.
599 1145 718 1186 Voss.
741 1150 777 1185 1.
803 1150 840 1184 3.
865 1143 1105 1184 adducenda.
1160 1144 1298 1198 (Jamp.
1322 1144 1570 1184 deducuntur.

219 1217 485 1274 παράδειγμα.
535 1214 660 1254 Amb.
689 1218 727 1253 1.
755 1211 891 1252 Tul-ic.
915 1210 1053 1265 Cump.
1078 1212 1325 1266 παραὸιγμα.
1421 1214 1482 1250 usi
1497 1221 1583 1250 sunt
1603 1231 1657 1253 —,-

219 1291 341 1328 iniis.
389 1285 499 1325 Haec
519 1285 654 1321 omnia
674 1283 821 1320 omittit
843 1279 981 1333 Camp.
1071 1282 1188 1321 omni.
1237 1279 1372 1319 Turio.
1408 1278 1514 1319 Flor.
1545 1293 1568 1317 a
1596 1293 1654 1330 pr.

219 1371 275 1395 m.
310 1354 449 1405 Camp.
482 1352 662 1390 omnium.
778 1349 817 1385 in
845 1349 907 1387 iis.
958 1346 1084 1386 Aan.
1119 1352 1156 1386 1.
1198 1344 1332 1387 Guelf.
1364 1345 1476 1386 Sich.
1512 1348 1553 1384 in
1581 1345 1655 1384 his.

219 1421 344 1462 Amb.
365 1426 405 1460 2.
428 1421 468 1459 ᾗιι
488 1420 534 1456 is.
619 1429 764 1454 vocare
783 1413 876 1453 mal.
923 1417 988 1453 Sic
1009 1417 1130 1453 etiam
1149 1412 1261 1453 Sich.
1310 1416 1446 1453 vocari
1463 1412 1540 1452 vol.
1563 1415 1659 1451 item

219 1488 346 1529 Amb.
371 1492 409 1525 1.
432 1484 538 1524 Flor.
642 1480 746 1535 quod
765 1481 812 1518 ab
835 1479 894 1520 ill.
948 1479 1087 1532 Camp.
1119 1483 1186 1533 qui
1215 1480 1264 1518 ab
1294 1483 1322 1520 i.
1425 1476 1655 1532 παραβολή.

219 1555 341 1597 Amb.
364 1558 399 1592 1.
418 1548 615 1606 parabole.
701 1548 858 1586 [licitur.
911 1545 1045 1586 Turio.
1067 1546 1172 1586 Flor.
1201 1561 1223 1585 a
1242 1562 1301 1599 pr.
1323 1562 1376 1586 m.
1410 1545 1570 1585 dicetur.

220 1624 294 1662 hoc
322 1620 498 1662 alterum.
547 1616 684 1656 Turio.
716 1615 822 1654 Flor.
856 1628 877 1652 a
907 1630 964 1666 pr.
996 1630 1049 1654 m.
1089 1617 1235 1653 omittit
1264 1614 1350 1653 hoc.
1466 1613 1540 1653 lzoc
1568 1614 1655 1652 sim.

219 1688 340 1730 Amb.
374 1693 411 1727 1.
443 1701 464 1724 a
485 1700 562 1724 sec.
586 1698 640 1721 m.
673 1682 761 1719 huic
785 1698 816 1720 s.
830 1710 841 1728 ,
880 1683 969 1720 fort.
990 1683 1097 1733 prius
1118 1683 1322 1733 legebatur
1342 1681 1427 1720 hoc.
1541 1690 1596 1719 est
1622 1689 1658 1718 et

222 1755 331 1796 illud.
384 1751 506 1793 Amb.
531 1756 567 1790 1.
588 1756 628 1789 2.
659 1748 795 1788 Turio.
826 1745 960 1787 Guelf.
983 1747 1119 1800 Camp.
1144 1758 1178 1785 et
1199 1751 1402 1788 omittunt.

333 1823 367 1873 ξ.
399 1827 438 1860 2.
497 1834 569 1873 quo
585 1815 712 1873 facil.
769 1812 908 1855 Turio.
938 1813 1045 1854 Flor.
1077 1813 1202 1854 Amb.
1222 1821 1264 1854 2.
1286 1813 1425 1868 Camp.
1456 1812 1655 1871 quoquef

301 1886 567 1942 παράδειγμα.
605 1882 725 1925 Amb.
753 1887 788 1922 1.
809 1889 849 1923 2.
881 1881 1019 1935 Camp.
1041 1882 1289 1936 παραδιγμα.
1336 1880 1470 1922 Guelf.
1494 1897 1573 1922 om.

222 1957 435 1999 credamus,
492 1952 625 1993 Guelf.
657 1949 826 1991 credam.
886 1947 1010 1990 Bern.
1045 1949 1189 1989 dicam.
1247 1948 1348 1989 Obr.
1383 1949 1571 1990 dicamus,

219 2041 365 2064 ver-car.
418 2021 555 2073 Camp.
579 2035 726 2059 vereor.
813 2016 1058 2070 appellemus.
1108 2013 1241 2056 Guelf.
1266 2015 1516 2070 appellamus.
1612 2032 1659 2054 ne

218 2092 366 2132 υἱιΖι-αν.
420 2087 554 2129 Guelf.
582 2103 605 2126 a
634 2102 693 2139 pr.
728 2099 783 2124 m.
810 2084 911 2138 quod
937 2083 1086 2124 videor.
1189 2099 1410 2138 quanquam
1438 2082 1528 2123 coll.
1587 2081 1656 2122 Sic

220 2164 340 2200 etiam
362 2156 482 2197 Amb.
509 2161 545 2195 1.
567 2161 606 2195 2.
638 2153 744 2192 Flor.
766 2149 856 2191 Par.
882 2156 917 2190 1.
940 2156 978 2190 2.
1004 2156 1041 2191 3.
1142 2167 1300 2191 omnem.
1346 2149 1452 2190 Flor.
1474 2165 1496 2189 a
1515 2165 1574 2204 pr.
1596 2164 1654 2190 m.

220 2230 400 2268 omnium.
448 2224 557 2264 Jens.
579 2231 617 2261 et
638 2221 729 2260 edd.
752 2227 843 2257 ante
864 2216 976 2257 Sich.
992 2249 1003 2269 ,
1038 2233 1125 2258 exc.
1147 2215 1242 2257 Ald.
1256 2249 1267 2269 ‚
1298 2221 1499 2258 omittunt.
1589 2233 1656 2256 να-

218 2296 518 2335 1iocina1i0nem.
579 2289 689 2329 Flor.
720 2285 845 2326 Amb.
873 2290 913 2325 2.
948 2300 1109 2340 quoque
1142 2287 1341 2324 rationem.
1453 2287 1493 2324 in
1523 2299 1657 2338 παρα-

219 2362 409 2415 δείγματα
431 2370 477 2398 et.
525 2357 636 2397 Haec
659 2356 805 2395 omittit
827 2351 959 2392 Guelf.
974 2384 985 2404 ,
1027 2355 1066 2391 in
1084 2354 1231 2391 omittit
1257 2350 1395 2404 Camp.
1511 2350 1657 2404 ἐπιχεί-

219 2444 394 2484 ρηματα.
452 2424 574 2466 Amb.
601 2429 638 2463 1.
657 2428 697 2463 2.
723 2420 1003 2474 ἒπιχιρηματα.
1117 2419 1391 2473 dixeruntque.
1455 2417 1581 2459 Amb.
1615 2422 1655 2458 1.

217 2496 421 2534 dixerunt.
532 2488 798 2546 παράδειγμα.
858 2484 978 2527 Amb.
1012 2492 1048 2527 1.
1078 2492 1118 2527 2.
1148 2484 1287 2539 Camp.
1318 2486 1566 2541 παραὸιγμα.

217 2560 445 2617 ῥητορικήν.
502 2558 622 2600 Amb.
658 2563 694 2597 1.
733 2569 947 2611 ρετορικον.
1013 2552 1137 2595 Goth.
1167 2568 1393 2609 ρητορικον.
1454 2552 1581 2593 Amb.
1609 2557 1650 2592 2.

217 2645 413 2684 ρητορικε.
502 2621 721 2681 ἓπαγωγὴν.
766 2621 889 2661 Amb.
912 2626 952 2661 2.
988 2619 1109 2662 Goth.
1141 2624 1260 2662 etiam
1282 2635 1493 2676 εναγωγην.
1523 2619 1648 2660 Amb.

220 2701 238 2735 1
249 2726 259 2736 .
287 2712 512 2748 ηπιιποτην.
