1775 3091
1390 272 1515 308 xxm

75 378 359 420 adhibendam
397 376 481 418 sibi
512 389 605 418 esse
637 381 830 424 censent,
874 383 914 415 et
943 387 1043 415 mox
1073 373 1171 414 dum
1201 371 1309 414 aliae
1340 387 1395 415 ex
1423 372 1519 416 aliis

78 456 333 499 editionibus
356 456 578 507 ducuntur,
603 456 893 509 corriguntur,
921 450 1243 508 interpolantur,
1267 452 1519 503 conflantur,

79 538 152 578 vix
185 538 346 590 justum
381 536 501 591 quasi
539 533 729 582 alveum,
782 547 904 589 quem
945 542 1112 574 secutus
1149 533 1342 573 videatur
1372 533 1521 584 editor,

79 630 322 671 cognoscas.
381 613 468 654 Sed
490 611 803 668 Campanianae
830 611 973 653 multis
995 613 1186 668 vestigiis
1211 612 1524 655 demonstratur

79 694 234 736 librum
272 693 561 735 Florentinum
600 691 799 742 subesse,
839 692 952 732 unde
998 690 1069 741 fit,
1117 695 1163 732 u‘t
1209 690 1341 732 multa
1389 694 1434 734 in
1475 706 1526 734 ea

83 774 238 812 rectius
267 771 484 827 legantur,
533 786 658 827 quam
699 786 773 826 per
804 773 887 812 tria
919 779 1011 826 post
1050 767 1219 810 saecula
1248 770 1406 812 factum
1440 781 1524 821 est;

82 853 208 891 etiam
229 849 470 901 Andreana,
503 866 626 906 quam
655 865 732 891 nos
763 850 929 905 quidem
959 863 1043 889 non
1063 847 1422 904 perlustravimus,
1453 854 1527 894 sed

84 928 316 980 Gibsonus,
348 930 572 971 admodum
602 928 674 969 ille
702 930 870 984 quidem
898 928 1062 979 leviter,
1094 930 1320 984 excerpsit,
1352 932 1529 973 eandem

85 1008 289 1049 familiam
319 1011 435 1064 sequi
460 1009 633 1050 videtur.
684 1007 871 1049 Primum
894 1007 1177 1049 Jensonianus
1201 1007 1336 1049 editor
1365 1009 1381 1055 (
1383 1008 1531 1052 Omni-

87 1086 222 1128 bonus
253 1087 537 1140 Leonioenus)
577 1086 767 1127 adhibito
794 1085 967 1126 alterius
998 1086 1145 1127 classis
1175 1085 1310 1135 libro,
1352 1086 1531 1129 fortasse

88 1164 421 1219 Guelferbytauo
472 1163 539 1204 vel
582 1163 734 1213 simili,
783 1162 1115 1219 Campanianum
1153 1163 1222 1205 vel
1259 1164 1532 1208 Andreauam

89 1245 296 1295 correxit,
336 1253 561 1299 possetque
602 1243 708 1283 adeo
747 1244 907 1298 primus
938 1251 1082 1284 auctor
1111 1242 1306 1299 vulgatae
1336 1241 1532 1288 lectionis

90 1322 262 1373 haberi,
312 1323 462 1378 quippe
493 1336 614 1377 quem
644 1323 873 1362 maximam
904 1331 1063 1377 partem
1093 1321 1276 1363 fideliter
1306 1332 1535 1378 sequantur

89 1399 380 1442 Locatelliana
411 1410 451 1440 et
480 1399 647 1441 Veneta
678 1402 842 1455 4494),
883 1403 926 1441 ni
965 1410 1104 1442 tamen
1136 1401 1366 1442 Tarvisina
1405 1404 1535 1444 editio

92 1479 376 1534 compluribus
401 1478 506 1520 locis
537 1480 589 1520 ad
619 1481 800 1534 priorem
829 1479 1036 1521 librorum
1071 1479 1249 1521 classem
1280 1483 1536 1524 revertisset.

92 1560 233 1599 Etiam
262 1557 442 1608 Aldina,
492 1573 586 1599 cum
616 1558 747 1600 multa
776 1560 928 1600 menda
956 1559 1164 1615 Naugerii
1196 1564 1443 1603 correctoris
1476 1564 1539 1603 in-

91 1639 217 1693 genio
238 1635 418 1687 tolleret,
448 1646 537 1678 tum
558 1652 612 1679 ex
640 1639 782 1679 codice
812 1640 972 1693 primae
1001 1638 1187 1679 familiae
1215 1639 1404 1694 profecit,
1440 1643 1536 1696 quin

93 1717 242 1765 etiam,
275 1717 318 1756 ni
347 1731 601 1772 magnopere
629 1716 774 1767 fallor,
802 1719 933 1772 ipsius
966 1720 1008 1758 in
1026 1714 1088 1758 ¹ea
1117 1706 1389 1760 Ambrosiaui
1420 1719 1440 1760 I
1471 1735 1541 1761 co-

94 1795 200 1835 dicis
234 1793 375 1849 aliqua
404 1797 556 1836 notitia
586 1804 770 1852 apparet.
812 1795 994 1836 'Verum
1024 1791 1208 1845 Badius,
1259 1796 1540 1838 confidentius

95 1880 256 1912 textum
293 1886 523 1926 aggresus,
576 1887 671 1913 cum
710 1883 752 1914 et
791 1876 938 1913 'tertiae
979 1871 1126 1916 cl'assis
1164 1873 1275 1915 libro
1315 1874 1540 1928 (Vallensi,

100 1949 374 1989 nunc-Paris.
406 1955 446 2000 2,
480 1951 575 1990 vide
605 1965 682 1993 nos
713 1953 766 1993 ad
798 1937 874 2004 HI,
909 1959 946 2004 1,
979 1954 1048 2008 20)
1078 1952 1257 1994 multum
1287 1957 1387 1995 usus
1418 1949 1543 2002 esset,

98 2037 137 2067 et
160 2026 387 2081 plurimum
408 2028 625 2069 tribuisset
645 2029 784 2085 Regii,
817 2033 1086 2072 audacissimi
1108 2033 1258 2082 critici,
1292 2033 1543 2088 quamquam

96 2120 220 2159 saepe
251 2105 408 2154 felicis,
448 2108 726 2160 conjecturis,
765 2120 903 2150 certus
934 2120 1077 2151 auctor
1110 2111 1304 2166 vulgatae
1334 2108 1545 2161 lectionis,

98 2198 204 2238 quae
235 2185 401 2233 dicitur,
431 2187 585 2226 extitit.
647 2186 731 2228 Sed
761 2202 812 2228 ea
839 2198 977 2229 tamen
1011 2204 1092 2229 non
1116 2197 1179 2230 est
1198 2191 1314 2244 prius
1337 2189 1544 2239 absoluta,

99 2277 223 2317 quam
280 2261 549 2317 Gryphianus
600 2265 735 2306 editor
786 2267 830 2307 in
887 2253 1114 2309 verborum
1171 2270 1356 2309 maxime
1403 2252 1545 2322 positu

99 2339 230 2382 multa
260 2342 313 2383 ad
341 2340 507 2383 libitum
537 2352 755 2384 mutasset.
814 2345 885 2386 Sic
915 2347 1066 2387 deinde
1095 2361 1168 2401 per
1199 2346 1434 2395 Stoerium,
1478 2347 1548 2400 qui

103 2427 243 2459 tamen
274 2428 315 2460 et
342 2421 430 2476 ipse
462 2421 666 2463 nonnulla
696 2426 893 2476 correxit,
927 2436 967 2467 et
993 2424 1249 2466 Chouetium
1280 2424 1333 2464 ad
1361 2422 1547 2478 reliquos

103 2506 332 2553 propagata
360 2508 448 2549 est,
490 2502 709 2557 coepitque
734 2486 827 2556 jam
857 2505 1077 2545 vetustatis
1101 2490 1549 2558 jure-fruireligiose-

104 2589 183 2630 que
215 2575 318 2626 coli,
369 2577 502 2618 donec
531 2578 803 2635 Spaldingius
833 2596 927 2623 eam
958 2598 1104 2624 rursus
1145 2582 1197 2623 ad
1237 2581 1432 2622 codicum
1461 2595 1548 2621 ma-

104 2656 413 2710 nuscriptorum
452 2654 579 2698 fidem
621 2657 821 2701 revocare
863 2658 1012 2717 coepit·
1081 2658 1219 2709 Quam
1259 2650 1347 2700 rem
1387 2661 1548 2700 utinam

100 2732 191 2784 jam
221 2731 273 2772 ab
306 2735 427 2774 initio
449 2735 614 2778 fortiter
633 2753 858 2794 aggressus
882 2749 1007 2791 esset,
1039 2738 1106 2780 rel
1137 2740 1339 2793 potuisset
1357 2738 1548 2793 aggredi,
