1775 3091
174 207 254 246 280
611 202 881 258 Supplemenla
906 203 1165 242 annotationis

182 324 331 355 vestem.
378 312 501 355 Amb.
533 320 570 356 1.
598 322 634 356 2.
665 313 764 353 illud
795 315 905 369 inqui
933 323 1084 353 vestem.
1134 313 1260 355 Amb.
1297 320 1332 355 1.
1370 330 1392 353 a
1430 329 1508 354 sec.
1548 331 1604 356 m.

180 379 285 420 Flor.
306 379 412 420 illius
431 384 553 436 inquit
573 380 687 420 malis
707 384 743 420 si
761 391 912 420 vestem.
959 379 1096 434 Camp.
1125 396 1205 420 om.
1225 384 1363 435 inquil.
1444 392 1606 421 tuumne.

182 446 251 488 Sic
269 451 390 487 etiam
406 447 530 489 Amb.
555 454 590 487 1.
610 448 715 488 Flor.
733 448 821 490 Par,
845 453 882 491 1.
903 454 942 491 2.
964 453 1004 488 3.
1108 448 1236 490 malis,
1284 447 1408 488 Amb.
1431 455 1469 488 1.
1500 448 1607 489 Flor.

181 517 303 553 etiam
320 513 430 555 υεῖἱε.
480 513 600 555 Amb.
621 521 661 556 2.
682 532 761 556 om.
865 515 979 556 Illius
995 538 1049 545 --
1071 531 1167 571 resp.
1197 514 1324 556 Amb.
1345 521 1384 557 2.
1406 531 1484 556 om.
1506 532 1610 571 quo-

181 596 260 635 que
279 581 383 621 illius
403 582 596 635 respondit
615 586 699 622 sine
715 599 819 624 vcro.
923 583 1015 636 Age
1031 585 1086 621 sis
1107 606 1164 613 —-
1182 585 1322 622 virum.
1369 582 1474 624 Flor.
1492 587 1611 623 etiam

182 648 322 688 accede
355 651 403 686 isi
435 648 536 702 quod
564 652 600 688 si
629 653 767 691 virum.
814 648 937 690 Amb.
963 655 1000 689 1.
1031 649 1172 690 accedo
1195 652 1316 704 inquit
1332 653 1368 689 si
1385 653 1525 692 virum.

179 713 386 755 meliorem.
434 715 540 756 Jens.
561 715 662 757 Loc.
681 717 789 758 Ven.
809 721 1008 772 majorem.
1110 727 1284 756 utrumne
1303 741 1359 748 —-
1378 717 1496 759 illius.
1543 717 1612 759 Sic

180 784 302 821 etiam
329 781 453 823 Amb.
475 789 512 824 1.
542 783 631 824 Par.
655 789 693 824 1.
717 790 756 825 3.

290 850 325 901 §.
354 854 423 892 29.
480 851 582 890 male
608 855 719 892 enim.
769 849 903 892 Guelf.
930 850 1041 892 Jens.
1074 850 1193 892 Tarv.
1225 868 1258 891 e.
1287 868 1337 892 m.
1448 851 1613 892 alienum

179 931 330 968 aurum.
382 916 520 971 Camp.
550 936 634 958 aar.
665 918 720 959 αἶ.
831 935 921 958 nam
949 928 1004 957 est
1029 918 1072 957 icl
1101 921 1215 973 impr.
1279 917 1398 959 Amb.
1423 926 1462 960 2.
1495 924 1615 960 etiam

179 999 219 1023 n.
244 999 276 1023 e.
297 986 323 1025 i.
340 983 414 1025 hoc
431 987 458 1025 i.
543 986 660 1027 malle
678 1004 735 1018 -ε
750 986 988 1041 respondere.
1034 985 1145 1026 Haec
1167 988 1304 1026 emula
1322 989 1467 1027 omittit
1492 986 1613 1030 Amb.

178 1054 219 1090 2.
315 1067 356 1089 se
373 1054 512 1094 virum.
563 1053 700 1109 Camp.
721 1058 757 1094 si
774 1070 812 1095 v.

293 1121 330 1170 §.
363 1123 429 1159 30.
490 1124 567 1161 ista
592 1134 739 1176 parics.
787 1120 921 1163 Guelf.
955 1121 1063 1162 Jens.
1094 1131 1133 1161 et
1153 1122 1242 1161 edd.
1265 1130 1355 1161 ante
1377 1119 1487 1162 G1bs.
1506 1123 1616 1161 ordi-

178 1197 275 1224 nem
292 1195 465 1227 mutant.
516 1188 640 1229 Amb.
663 1196 702 1230 2.
735 1192 812 1228 isia
835 1191 975 1243 parti&
1089 1206 1167 1228 esse
1196 1188 1367 1243 aliquid.
1419 1187 1556 1243 Camp.
1578 1201 1617 1231 et

180 1251 273 1292 eddi
298 1261 389 1292 ante
410 1252 564 1308 Gryph.
585 1256 638 1296 al.
662 1274 694 1296 c.
780 1259 905 1295 minus
924 1259 1011 1296 sim.
1057 1256 1165 1297 Jens.
1189 1265 1227 1295 et
1245 1257 1333 1295 edd.
1353 1265 1443 1295 ante
1461 1255 1614 1311 Gryph.

178 1335 212 1358 s.
235 1336 287 1359 m.
390 1323 518 1361 simia.
568 1323 675 1364 Flor.
705 1323 830 1365 Amb.
858 1331 897 1365 2.
931 1340 1091 1379 quoque
1117 1322 1277 1363 similia.
1328 1321 1461 1364 Guelf.
1485 1328 1616 1365 simea.

264 1386 423 1427 homini.
477 1389 585 1429 Jens.
619 1400 657 1430 et
687 1393 776 1431 edd.
809 1402 899 1432 aute
923 1391 1032 1443 Bad.
1068 1391 1274 1431 hominum.
1383 1390 1477 1431 Non
1507 1408 1618 1432 ovum

178 1462 273 1492 iam,
323 1453 430 1493 Flor.
457 1470 478 1493 a
499 1472 559 1508 pr.
585 1472 640 1496 m.
674 1474 809 1497 novum
836 1462 933 1510 jam.
977 1458 1102 1498 Amb.
1123 1464 1163 1498 2.
1195 1461 1315 1496 etiam
1332 1461 1536 1499 noumiam.

179 1519 394 1574 elcplzcmlo.
454 1516 591 1576 Camp.
612 1523 907 1577 elephantorum.
1003 1527 1120 1564 anim.
1150 1534 1184 1562 et
1206 1526 1291 1564 sim.
1338 1523 1446 1564 Jens.
1466 1535 1503 1564 et
1525 1526 1615 1567 edd.

179 1598 271 1627 ante
287 1588 387 1629 Ald.
408 1593 599 1629 omittunt
619 1602 665 1630 ci.
707 1590 828 1631 Goth.
850 1609 913 1632 αη.
939 1608 993 1631 ex
1015 1609 1046 1632 3.
1136 1590 1290 1631 hoedos.
1330 1589 1463 1631 Guelf.
1486 1593 1615 1634 hedos.

179 1652 302 1696 Goth.
331 1656 468 1709 Camp.
502 1656 606 1695 edos.
654 1657 763 1698 Jens.
786 1668 824 1697 et
847 1660 936 1699 edd.
962 1668 1052 1698 ante
1073 1657 1168 1699 Ald.
1191 1658 1320 1698 aedos,
1418 1658 1617 1715 clgffirunt.

176 1720 301 1762 Amb.
327 1728 363 1763 1.
395 1723 553 1777 dfflrt‚
593 1740 670 1764 sec.
701 1740 755 1764 m.
787 1729 1057 1780 superscripsit
1089 1729 1116 1764 i.

292 1789 391 1843 [Ad
418 1800 557 1829 notam
584 1807 697 1845 exeg.
731 1791 988 1846 Spaldingius
1019 1794 1246 1845 adscripsit:
1290 1791 1350 1832 Cf.
1380 1791 1536 1835 Ernest.
1569 1797 1621 1835 ad

177 1856 260 1902 Cic.
288 1861 399 1911 epist.
422 1860 472 1897 ad
491 1858 616 1899 Attio.
643 1865 709 1909 13,
734 1865 786 1898 23
810 1870 894 1900 not.
917 1865 967 1900 81
994 1869 1055 1911 et,
1096 1875 1217 1914 quem
1240 1862 1308 1898 ille
1330 1861 1487 1911 laudat,
1527 1861 1622 1903 Sal-

175 1939 274 1965 mas.
307 1927 358 1965 ad
378 1925 563 1965 Solinum
586 1942 626 1979 p.
649 1928 768 1978 766]

288 1995 324 2045 ξ.
358 1998 424 2033 31.
482 1994 640 2048 quoque.
691 1992 826 2034 Guelf.
860 2005 1001 2034 autem.
1108 1997 1248 2035 nomia.
1301 1993 1424 2035 Amb,
1446 1999 1481 2036 1.
1511 1995 1619 2037 Flor.

175 2075 200 2101 a
229 2076 289 2113 pr.
320 2075 376 2101 m.
409 2064 529 2100 etiam
560 2078 648 2100 non.
735 2061 893 2117 utfiig.
942 2061 1068 2100 Amb.
1093 2058 1129 2102 1.
1162 2062 1325 2103 Flor.⁴a
1353 2078 1411 2115 pr.
1441 2078 1498 2102 m.
1531 2063 1619 2103 Par.

181 2133 218 2166 1.
241 2131 378 2168 insert.
404 2145 561 2184 aquam.
611 2129 699 2169 Par.
721 2133 761 2168 3.
783 2131 942 2169 omittit.
1046 2128 1290 2185 frigfibri.
1341 2128 1473 2170 Guelf.
1497 2128 1619 2171 Bern.

161 2194 330 2251 frigida
355 2195 445 2252 inf
484 2195 611 2238 Amb.
635 2203 673 2237 2.
697 2199 813 2235 inser.
834 2197 886 2235 in.
976 2194 1090 2234 aliter
1108 2196 1305 2253 ——jalsm
1342 2196 1452 2235 Haec
1476 2200 1623 2237 omittit

175 2260 296 2302 Amb.
325 2268 362 2303 1.
478 2262 700 2318 disparata.
751 2261 877 2303 Amb.
917 2268 954 2303 1.
988 2267 1027 2304 2.
1058 2262 1166 2303 Flor.
1196 2266 1316 2303 etiam
1340 2274 1537 2317 separata.

174 2333 406 2384 pertineant.
456 2330 566 2371 Jens.
591 2330 711 2371 Tarv.
732 2329 830 2370 ΑΜ,
849 2332 1057 2385 pertinent.

291 2398 328 2449 §.
363 2404 428 2439 32.
489 2399 763 2439 annotandum.
810 2397 938 2439 Amb.
970 2403 1007 2438 1.
1042 2396 1262 2436 videndum.
1364 2396 1417 2436 Ei
1437 2422 1493 2428 —
1513 2398 1622 2437 kere-

180 2465 277 2504 dem.
335 2465 460 2506 Amb.
491 2471 529 2507 1.
556 2484 639 2506 cum
669 2469 732 2507 cui
760 2464 797 2504 d.
830 2482 866 2506 ιι.
897 2482 930 2506 ν.
954 2482 992 2505 n.
1015 2468 1197 2504 restituat
1215 2464 1358 2507 heredi.
1410 2464 1515 2505 Flor.
1539 2482 1622 2505 eum

181 2533 369 2572 evademus
396 2551 431 2573 u.
462 2552 495 2574 r.
528 2537 704 2573 restituat
732 2531 872 2572 heredi.
918 2531 1044 2572 Amb.
1066 2538 1106 2572 2.
1130 2548 1233 2581 eum,
1275 2542 1405 2572 cetera
1422 2541 1467 2572 ut
1485 2534 1621 2572 editio.

264 2601 480 2642 decesserit.
529 2599 651 2643 Amb.
674 2606 711 2641 1.
739 2600 971 2640 discesserit.
1057 2615 1112 2639 ex
1136 2611 1260 2639 contr.
1309 2598 1432 2639 Amb.
1457 2603 1490 2638 1.
1509 2598 1616 2637 Flor.

182 2680 204 2706 a
234 2682 292 2720 pr.
326 2683 383 2708 m.
416 2679 452 2709 et
474 2679 599 2718 contr.
658 2668 801 2721 Camp.
830 2677 866 2705 et
896 2682 949 2706 ex
983 2683 1017 2708 c.
1070 2656 1180 2708 Jefis.
1210 2676 1248 2707 et
1276 2667 1366 2707 edd.
1396 2674 1487 2706 ante
1517 2663 1616 2705 Ald.
