1775 3091
377 222 430 263 aa
449 222 611 277 oniam.
637 222 766 262 Insa..
790 220 847 271 11,
873 226 910 262 7.
934 224 969 274 ς.
995 226 1033 262 5.
1083 225 1121 261 8.
1143 221 1178 273 ς.
1203 226 1222 260 1
1237 244 1290 250 -
1304 224 1368 261 15.
1539 226 1591 261 87

261 340 297 391 ξ.
331 343 369 379 9.
428 349 469 376 ut
484 337 672 393 plerique,
720 339 777 376 uti
792 335 847 391 pl.
869 335 993 376 Amb.
1019 340 1056 376 1.
1078 350 1101 376 a
1118 351 1194 376 sec.
1215 349 1271 374 m.
1387 345 1488 374 ccrtc
1507 351 1591 373 eum

147 409 329 447 inserunt
358 409 478 445 etiam
507 405 612 445 Flor.
641 404 779 458 Camp.

259 477 295 528 ᾧ.
332 480 396 514 10.
456 473 721 526 ‹letor-endum
751 477 806 513 ita
827 475 947 512 etiam
968 471 1093 512 Amb.
1123 476 1159 512 1.
1181 486 1295 510 asec.
1314 485 1386 520 m.‚
1421 478 1460 509 et
1478 469 1590 508 haud

146 543 266 582 dubie
294 542 444 582 Turio..
505 541 770 580 deterrendum
795 540 903 581 Flor.
934 556 955 579 a
976 557 1033 594 pr.
1056 556 1111 593 111.
1142 538 1281 592 Camp.
1342 538 1589 577 deserendum

144 609 270 651 Amb.
295 615 332 650 1.
365 625 386 649 a
405 626 463 664 pr.
485 626 540 650 m.
570 609 697 650 Amb.
720 615 758 650 2.
788 607 911 649 Paris.
935 615 973 648 2.
997 612 1034 649 5.
1072 623 1164 647 cum
1195 608 1284 646 edd.
1314 615 1406 646 ante
1429 605 1530 647 Obr.

142 677 404 717 disserendum
430 682 553 719 Paris.
590 683 627 717 1.
658 683 695 718 3.
814 676 976 729 augenti.
1011 675 1309 730 addendumque.
1370 673 1463 714 atiel.
1496 689 1586 725 aug.

142 762 215 800 quc
235 743 369 786 Guelf.
485 748 677 800 ingenium
697 744 849 785 habent
869 748 990 785 etiam
1010 744 1116 784 Flor.
1139 759 1161 784 a
1182 760 1240 798 pr.
1263 758 1318 782 m.
1339 741 1376 782 T
1379 757 1460 783 arv.
1481 740 1584 781 Bad.

141 812 263 855 Paris.
287 817 325 855 5.

252 882 287 933 ξ.
322 885 387 921 11.
447 880 545 921 clar.
568 880 646 922 ille.
704 881 770 920 ille
790 881 890 921 οἷαν.
913 880 1052 934 Camp.
1166 889 1410 935 praeceptor.
1467 894 1586 933 prae-

142 959 339 1002 ceptorum
368 947 493 988 Amb.
518 954 554 988 1.
591 965 612 988 a
633 965 708 990 sec.
733 965 787 988 m.
820 948 930 988 Alm.
966 949 1066 989 Obr.
1099 947 1178 1004 (ex
1196 946 1366 1000 Argent.
1383 977 1393 997 ‚
1429 948 1474 984 ni
1501 945 1585 999 fi),

142 1016 252 1055 haud
273 1017 392 1056 dubie
414 1020 534 1055 etiam
559 1016 719 1068 Turic.‚
754 1021 826 1056 etsi
851 1026 1014 1056 tacetur.
1130 1016 1339 1055 Isocrates.
1400 1013 1587 1053 Socrates

142 1082 277 1124 Turio.
313 1100 335 1123 a
366 1100 442 1124 sec.
475 1099 531 1123 m.
576 1083 708 1124 Guelf.
742 1084 882 1137 Camp.
1006 1088 1047 1123 in
1076 1083 1146 1124 illo
1171 1099 1303 1138 paene.
1370 1080 1433 1121 Ita
1463 1083 1586 1120 etiam

139 1151 266 1190 Amb.
291 1157 327 1190 1.
387 1150 552 1205 Reliqui
572 1154 762 1201 silentur,
792 1155 869 1189 nisi
889 1151 997 1204 quod
1026 1150 1153 1190 Amb.
1177 1157 1216 1190 2.
1249 1151 1397 1188 omittit
1426 1148 1585 1187 lentiore

138 1228 167 1257 1.
188 1234 225 1257 α.
247 1220 273 1257 i.
295 1217 364 1257 illo
379 1250 390 1269 ‚
430 1221 546 1257 solita
564 1220 822 1257 aberratione.
935 1217 1053 1271 plane
1071 1234 1203 1272 praec.
1224 1216 1360 1256 Turic.
1387 1230 1410 1254 a
1428 1230 1505 1255 sec.
1525 1229 1581 1253 m.

138 1284 270 1338 (prius
291 1294 374 1325 erat
403 1285 528 1340 pane)
561 1285 700 1339 Camp.
729 1284 861 1326 Andr.
883 1284 984 1326 Obr.
1041 1302 1161 1340 poene
1178 1282 1306 1325 Amb.
1331 1288 1368 1323 1.
1482 1281 1583 1322 alte-

140 1369 223 1391 rum
249 1352 422 1393 alterius.
483 1352 642 1393 alterius
666 1353 830 1392 alterum
862 1352 1002 1406 Camp.

249 1422 287 1470 §.
320 1426 386 1462 12.
443 1420 704 1461 Imbecillibus
729 1424 849 1461 etlam
865 1420 973 1461 Flor.
993 1418 1120 1461 Amb.
1142 1425 1180 1460 1.
1206 1435 1229 1459 a
1246 1434 1323 1460 sec.
1343 1433 1399 1459 m.
1425 1416 1516 1458 Par.
1541 1419 1580 1457 5.

141 1487 307 1543 Campr,
337 1497 536 1542 receptam
553 1498 717 1528 tuentur
736 1487 862 1530 Amb.
878 1494 915 1529 1.
939 1504 962 1529 a
980 1504 1110 1543 pium.
1131 1497 1172 1528 et
1190 1487 1312 1529 Paris.
1337 1492 1374 1527 1.
1398 1492 1437 1527 2.
1460 1490 1498 1525 3.
1521 1486 1583 1540 [et

135 1565 336 1610 praestant
365 1560 484 1596 etiam
512 1557 619 1610 apud
639 1555 961 1609 Quintilianum,
992 1560 1095 1597 sicut
1115 1557 1222 1610 apud
1242 1554 1476 1596 Ciceronem
1497 1555 1581 1591 for-

136 1640 225 1663 mae
258 1625 534 1666 declinationis
559 1626 770 1667 secundae.
830 1625 939 1665 Vide
972 1623 1168 1666 Goerenz.
1195 1625 1247 1664 ad
1263 1622 1389 1664 Cicer.
1412 1623 1461 1662 de
1487 1621 1576 1661 Fin.

134 1691 189 1741 V,
212 1693 264 1732 24
288 1694 323 1745 §.
346 1692 454 1744 71.]
538 1696 717 1734 materia.
778 1705 920 1734 natura
950 1691 1019 1748 (cf.
1040 1693 1179 1747 Spald.
1208 1701 1292 1732 not.
1320 1690 1452 1743 exeg.)
1494 1687 1580 1728 Re-

133 1762 248 1813 gium
272 1764 398 1799 secuti
428 1762 640 1801 ediderunt
667 1761 766 1806 Ald.
795 1771 834 1800 et
854 1771 954 1814 post.
972 1771 1065 1801 ante
1086 1761 1212 1812 Obr.3
1250 1761 1419 1798 materia
1436 1758 1579 1796 defen-

135 1829 242 1866 ditur
263 1842 286 1866 a
308 1827 444 1869 Turic.
462 1827 568 1868 Flor.
590 1828 714 1869 Paris.
739 1833 775 1868 1.
792 1835 831 1868 2.
854 1834 892 1868 3.
920 1827 1060 1881 Camp.
1092 1826 1218 1882 (teste
1236 1824 1370 1880 Pott.)
1389 1823 1515 1864 Amb.
1535 1829 1576 1864 2.

134 1897 225 1935 fort.
255 1893 381 1935 Amb.
415 1900 452 1935 1.
567 1895 622 1935 ad
659 1912 775 1949 spem.
844 1895 898 1933 acl
934 1911 1014 1935 om.
1043 1895 1151 1936 JenS.
1187 1893 1287 1934 Loc.
1402 1890 1575 1930 dicendi.

135 1962 233 2002 disc.
267 1965 388 2001 etiam
410 1962 515 2003 Flor.
549 1962 674 2003 Amb.
703 1969 739 2003 1.
773 1961 842 2017 (in
869 1963 946 2002 hoc
973 1978 1091 2016 supra
1114 1963 1272 2001 additur
1291 1978 1332 2011 s,
1364 1962 1413 2000 ab
1435 1960 1579 1999 eadem

134 2045 282 2079 manu,
313 2040 359 2070 ut
390 2029 574 2085 videtur)
612 2029 739 2071 Amb.
760 2037 798 2072 2.
831 2029 953 2072 Goth.
985 2030 1110 2071 Paris.
1134 2035 1170 2069 1.
1196 2036 1235 2070 2.
1261 2036 1298 2071 5.

246 2099 283 2149 §.
318 2102 380 2137 13.
438 2099 638 2138 eminebat.
698 2099 872 2138 eminebit
894 2102 1013 2138 etiam
1031 2098 1140 2138 Flor.
1156 2101 1278 2138 Paris.
1305 2103 1341 2138 1.
1364 2095 1505 2149 Camp.
1537 2103 1578 2134 et

135 2165 225 2204 edd.
250 2175 350 2218 post.
373 2174 465 2205 ante
487 2164 643 2220 Gryph.
760 2177 885 2207 certos
906 2166 1002 2222 aliq.
1053 2169 1152 2206 ictus
1179 2165 1231 2206 al.
1268 2164 1409 2218 Camp.
1439 2162 1575 2204 Andr.

217 2248 272 2272 em
303 2233 376 2273 bis.
437 2250 492 2273 cx
522 2237 573 2274 iis
602 2235 738 2275 Turic.
769 2233 897 2274 Amb.
919 2241 959 2276 2.
989 2234 1098 2275 Jens.
1133 2243 1173 2274 et
1193 2234 1282 2273 edd.
1305 2242 1400 2274 vett.
1419 2235 1577 2285 plerae-

135 2315 226 2354 que.
341 2302 544 2342 incumbet.
604 2313 804 2358 componet
834 2302 958 2343 Amb.
986 2308 1024 2343 1.

247 2369 282 2419 ξ.
326 2370 391 2408 14.
455 2381 587 2411 tentes,
656 2381 814 2425 temptes
862 2371 998 2411 Turio.
1042 2369 1167 2410 Amb.
1201 2376 1241 2410 2.
1284 2368 1425 2421 Camp.
1464 2367 1574 2407 Jens.

134 2433 232 2474 Loc.
345 2453 420 2475 non
445 2441 582 2491 possit.
649 2450 807 2492 nequeat
840 2438 980 2492 Camp.
1039 2455 1114 2478 non
1150 2453 1230 2477 om.
1261 2437 1397 2477 Turic.
1514 2436 1578 2473 cui

134 2506 272 2541 minus.
331 2502 385 2542 ad
415 2505 519 2557 quod
544 2508 636 2545 min.
670 2505 794 2546 Amb.
827 2512 863 2547 1.
925 2506 1019 2561 [De
1046 2506 1276 2546 Nicostrato
1301 2506 1351 2544 cf.
1372 2502 1576 2543 Addenda

135 2572 178 2608 iu
201 2572 320 2623 praef.
344 2570 438 2611 Vol.
457 2569 477 2609 I
505 2588 542 2624 p.
565 2571 837 2624 LXXXIII]

249 2639 286 2689 §.
318 2642 381 2678 15.
439 2639 733 2693 providendum.
778 2641 986 2696 providum
1003 2641 1109 2681 FIor.
1133 2656 1156 2679 a
1177 2657 1235 2693 pr.
1253 2656 1306 2680 m.
1330 2638 1466 2679 Turio.

139 2715 203 2742 ant
222 2705 319 2745 subi.
377 2722 424 2744 stc
449 2707 547 2747 subt.
570 2706 675 2748 Flor.
790 2713 932 2750 oratio.
992 2712 1091 2748 ratio
1111 2708 1247 2748 Turic.
1270 2706 1382 2748 Alm.
