1775 3091
254 243 307 283 (ιιῙ
330 243 492 295 Quintil.
514 243 641 282 Iustis.
665 242 720 289 X,
746 247 781 281 1.
815 243 846 294 ξ.
872 245 1122 282 106-131,
1172 247 1209 282 2.
1235 246 1400 282 3-16,
1470 244 1550 284 419

113 357 310 407 debeant,
349 360 382 396 si
404 368 555 411 partem
587 356 674 409 (vel
692 354 865 409 partim)
895 370 969 393 non
996 357 1257 409 concupisset,
1299 357 1340 394 in
1362 354 1546 396 Seebodii

114 426 352 464 bibliotheca
375 429 508 465 critica
531 427 625 462 anni
648 428 753 462 1823
782 437 842 461 ur.
863 424 962 473 79.]

223 495 260 546 §.
291 498 384 532 131.
445 494 619 545 utrinque
631 490 833 544 judicium.
871 489 960 530 Par.
990 495 1026 528 1.
1062 493 1100 530 6.
1134 500 1297 543 utrumq.
1317 494 1345 541 j.
1396 490 1482 531 Par.
1503 498 1540 532 2.

111 575 187 600 sec.
211 576 264 600 m.
285 571 451 613 utrumq.
471 559 652 612 judicem.

683 680 715 721 (ἒ
747 696 773 721 Α
806 697 844 720 r.
910 678 970 720 11.

222 762 258 813 ς.
292 766 331 801 3.
389 760 703 815 apprehenditur.
749 759 838 800 Par.
865 764 902 799 1.
924 766 961 799 2.
985 764 1022 799 6.
1056 758 1376 814 apprehendatur.

220 833 257 881 §.
293 832 332 867 6.
391 827 635 867 tradiderint.
676 826 743 868 Sit}
760 827 903 867 Par.2.
925 841 1003 866 sec.
1022 841 1076 866 m.
1141 826 1382 866 tradiderunt
1403 829 1544 870 Par-41.

111 900 149 936 2.
170 899 207 936 6.
317 895 516 935 eruendas.
560 894 627 936 Sic
646 895 734 936 Par.
757 900 796 936 2.
843 893 1072 935 ει·ιι(Ῐι’”ηᾶαε
1100 893 1190 934 I'ar⁴
1226 900 1264 934 1.
1293 900 1331 935 6.
1360 895 1485 938 Amb.
1506 905 1546 938 2.

116 962 334 1017 [mensuris
363 979 411 1002 ac
445 962 567 1002 lineis.
623 962 801 1002 Tantum
833 965 1046 1001 verborum
1082 976 1179 1014 opus
1206 963 1303 1012 fuit,
1353 974 1398 1004 ut
1423 979 1548 1017 genus

110 1032 322 1071 homiuum
343 1033 651 1083 significaretur,
682 1031 790 1085 quod
811 1045 881 1069 nos
899 1045 1009 1069 nunc
1023 1061 1034 1080 ‚
1074 1029 1170 1069 huic
1191 1031 1353 1084 quidem
1374 1034 1430 1071 rei
1448 1036 1547 1083 justo

110 1103 198 1152 plus
217 1102 433 1138 tribuentes
448 1129 459 1147 ‚
500 1101 655 1138 soloeco
677 1100 868 1138 vocabulo
890 1100 1060 1152 copistas
1080 1100 1312 1148 vocamus.]

222 1171 257 1219 §.
291 1171 329 1205 8.
388 1165 507 1204 Nihil
523 1177 660 1206 autem.
699 1165 767 1205 SIC
796 1164 886 1205 Par.
913 1170 950 1205 1.
974 1170 1013 1205 2.
1037 1168 1073 1203 6.
1106 1163 1230 1203 ΑΠΙΙ).
1254 1171 1294 1205 2.

221 1238 256 1287 §.
291 1239 328 1274 9.
389 1243 582 1288 oppetunt.
634 1233 723 1274 Par.
757 1238 793 1272 1.
822 1238 861 1273 2.
900 1231 1022 1272 Amb.
1057 1238 1097 1272 2.
1140 1241 1330 1287 appetent.
1389 1233 1478 1275 Par.
1511 1239 1548 1276 6.

112 1312 341 1355 appeterent.

223 1369 258 1419 ᾖ.
295 1373 359 1407 10.
419 1371 485 1422 qui
513 1371 609 1420 agit.
659 1367 796 1407 Etiam
824 1367 949 1407 Amb.
982 1367 1022 1407 2.
1054 1370 1202 1407 omittit
1230 1370 1326 1421 agit.
1424 1370 1553 1424 utique

110 1434 343 1474 discrimine.
385 1433 451 1474 Sic
472 1435 561 1475 Par.
581 1440 620 1475 2.
642 1450 718 1474 sec.
742 1450 817 1481 m.,
858 1434 928 1473 sed
953 1433 1042 1473 Par.
1073 1439 1110 1473 1.
1136 1439 1172 1473 6.
1195 1449 1272 1473 om.
1295 1437 1436 1488 utique.

225 1503 259 1554 §.
294 1508 360 1542 12.
421 1502 684 1555 [Emendatio
715 1500 1002 1553 Spaldingiana
1031 1515 1125 1540 cum
1146 1503 1262 1539 facile
1283 1505 1446 1542 cullibet
1469 1518 1552 1543 sese

108 1570 386 1619 commendet,
438 1579 525 1608 tum
572 1583 655 1608 non
703 1559 993 1619 oinitteudum‚
1043 1571 1088 1607 in
1128 1569 1313 1607 codicum
1359 1573 1553 1627 scriptura

110 1653 223 1692 quam
262 1639 389 1675 inesse
427 1637 554 1675 videri
591 1637 770 1690 quoniam
804 1638 934 1689 potius
971 1649 1094 1689 quam
1123 1638 1232 1688 quia.
1301 1635 1369 1676 Sic
1397 1643 1555 1691 putavit

111 1703 380 1743 Frotscherus.
396 1702 411 1754 ]

225 1772 260 1821 §.
295 1775 360 1809 13.
421 1768 606 1821 legerunt.
651 1766 719 1808 Sic
737 1767 827 1808 Par.
852 1773 890 1808 1.
913 1772 952 1808 6.
1002 1766 1193 1821 elegerunt
1221 1767 1312 1809 Par.
1342 1776 1382 1810 2.

225 1838 260 1886 §.
293 1838 359 1876 14.
417 1839 620 1875 imitemur.
658 1834 782 1875 Amb.
807 1840 846 1875 2.
871 1837 1058 1874 imitetur.
1147 1839 1422 1890 concupierint.
1460 1838 1550 1881 Par,

116 1911 152 1944 1.
177 1910 216 1945 2.
238 1909 275 1944 6.
307 1906 589 1957 concupierunt.
686 1903 801 1942 Tum.
850 1901 917 1942 Sic
939 1902 1028 1943 Par.
1058 1908 1095 1943 1.
1119 1893 1157 1943 6.
1179 1903 1307 1944 Amb.
1330 1910 1370 1945 2.
1419 1906 1554 1947 deinde

112 1973 201 2012 Par.
224 1977 264 2011 2.
351 1973 426 2021 sit,
458 1970 512 2010 acl
531 1969 648 2024 quod.
700 1968 788 2009 I’ar.
813 1975 849 2010 1.
873 1976 912 2010 2.
938 1975 976 2010 6.
1001 1985 1081 2011 om.
1113 1970 1178 2010 acl.
1266 1987 1350 2012 nos,
1389 1972 1482 2014 Par.
1512 1982 1552 2016 2.

112 2056 192 2080 sec.
212 2054 268 2079 m.
290 2039 411 2078 nobis.
452 2038 575 2077 Amb.
599 2044 638 2079 2.
671 2047 714 2077 ut
742 2037 947 2090 Spalding.

227 2108 266 2156 §.
299 2111 365 2147 15.
424 2105 568 2146 dicunt.
636 2104 704 2146 Sic
744 2104 833 2144 Par.
871 2111 910 2145 2.
941 2120 1024 2146 sec.
1050 2120 1105 2145 m.
1157 2104 1293 2145 dicant
1329 2105 1417 2147 Par.
1447 2114 1484 2149 1.
1515 2114 1555 2150 6.

114 2174 237 2215 Amb.
261 2179 300 2213 2.

227 2242 265 2292 §.
298 2245 364 2280 16.
422 2241 614 2290 imitatio,
644 2240 748 2279 verb.
789 2238 857 2279 Sic
876 2238 966 2280 Par.
993 2245 1030 2279 1.
1049 2246 1087 2280 2,
1110 2244 1148 2279 3.
1222 2239 1300 2293 [A.
1324 2240 1369 2281 F.
1396 2240 1555 2284 Linda-

115 2309 202 2348 vius
237 2311 281 2346 in
319 2316 608 2360 programmate
648 2307 806 2347 scholae
848 2307 1079 2348 Oelsnensis
1113 2313 1218 2348 1829
1255 2323 1345 2361 pag.
1379 2314 1403 2350 8
1446 2314 1554 2365 quod

117 2384 337 2428 opportune
356 2374 457 2412 mihi
477 2375 654 2413 redditur
673 2375 750 2414 hoc
769 2378 853 2427 ipso
877 2376 940 2413 die
967 2390 1044 2428 quo
1074 2376 1313 2428 typographi
1333 2393 1488 2416 manum
1509 2378 1556 2417 de

117 2442 252 2482 tabula
272 2445 510 2491 inclamant,
548 2444 590 2480 in
615 2457 752 2481 eorum
779 2456 880 2496 quae
912 2452 1207 2495 opponerentur
1226 2445 1380 2482 ratione
1403 2446 1556 2499 aliquid

118 2513 321 2549 turbattun
371 2524 451 2547 esse
498 2518 629 2560 ratus,
679 2510 932 2548 scribendum
973 2511 1125 2548 censuit
1166 2509 1278 2548 laetis
1318 2510 1553 2563 exultantes,

119 2580 343 2631 compositis
374 2579 560 2629 corrupti.
618 2574 741 2627 Quod
770 2581 948 2630 quamvis
977 2580 1105 2630 primo
1137 2586 1297 2629 aspectu
1313 2579 1555 2631 blandiatur,

119 2646 365 2697 redarguitur
381 2652 515 2682 tamen
537 2646 741 2696 explorato
759 2653 939 2683 veterum
957 2647 1235 2696 magistrorum
1255 2659 1330 2683 usu
1344 2648 1556 2686 verborum

120 2713 232 2767 quasi
271 2710 468 2751 technico.
537 2708 641 2749 Nam
681 2709 827 2750 saltare
855 2710 1103 2754 etssoeultare
1141 2713 1266 2750 oratio
1303 2725 1388 2751 nou
1415 2714 1559 2753 dicitur

965 2775 1103 2818 Dd2
