1775 3091
208 209 290 249 344
650 209 926 264 Supplementa
961 213 1232 249 annotationis

211 321 444 376 adscripsit)
472 338 566 364 cum
588 322 621 363 F
623 325 696 362 lor.
756 319 900 375 [Idem
929 317 1081 361 Censor
1101 323 1255 362 ·maluit
1280 339 1356 362 non
1382 322 1479 363 adeo
1505 326 1661 378 infinita

212 388 368 444 (intell.
393 391 508 444 sunt)
538 401 573 428 et
596 389 715 444 plane
734 388 993 441 necessaria.]
1077 388 1158 428 His
1184 389 1338 444 adjicit.
1386 389 1524 431 Turic.
1556 407 1578 431 a
1598 408 1658 445 pr.

210 472 267 497 m.
289 460 324 496 is
342 458 478 498 adicit.
522 457 631 498 Jens.
657 457 778 498 Tarv.
801 457 860 496 his
881 455 1055 496 adducit.
1151 461 1428 499 severissimae.
1468 457 1597 499 Amb.
1621 465 1659 499 1.

212 524 351 565 Turio.
390 527 641 566 severissima·
754 526 958 579 eleganter.
1016 524 1124 566 Flor.
1162 525 1375 580 elegantur.
1489 530 1662 582 proprio.

216 591 358 647 Camp.
385 595 604 647 proprium.

328 695 364 747 ᾧ.
400 699 492 735 103.
556 697 663 735 civil.
687 706 722 734 et
740 713 840 737 sero.
889 696 956 738 Sic
977 699 1099 737 etiam
1119 694 1229 736 Flor.
1253 695 1344 736 Par.
1367 701 1404 736 1.
1429 702 1465 737 2.
1552 696 1665 735 intel-

216 762 300 816 ligi.
339 760 475 802 Guelf.
497 763 680 817 intellegi.
767 764 1076 819 appellationem.
1112 763 1238 803 Aan.
1255 768 1290 803 1.
1313 763 1579 818 appellatione.

215 829 396 870 Romam.
445 829 567 871 Amb.
592 836 628 872 1.
653 831 761 872 Flor.
784 835 904 872 etiam
928 848 1052 872 roma.

331 934 367 985 §.
403 936 496 973 104.
556 934 630 989 ᾳῇἶ
654 950 770 974 max.
818 933 942 974 Amb.
966 939 1003 974 1.
1030 937 1148 973 inser.
1173 934 1303 973 animi.
1389 931 1453 971 vel
1475 931 1667 972 lacessen-

219 998 323 1040 dum.
377 999 516 1054 Camp.
540 1002 602 1041 vel
620 1002 673 1040 ad
693 1002 972 1043 lacescendum.
1023 1001 1132 1043 Flor.
1152 1001 1216 1040 vel
1235 1000 1516 1041 lacessandum.
1604 1016 1666 1040 ‹zc-

217 1066 345 1108 Amb.
373 1074 408 1108 1.
442 1069 578 1109 Turio.
602 1086 624 1109 a
646 1087 705 1123 pr.
729 1086 784 1110 m.
815 1069 922 1111 Flor.
944 1088 982 1111 α.
1033 1069 1161 1109 Amb.
1186 1075 1224 1109 1.
1260 1085 1283 1108 a
1313 1085 1388 1109 sec.
1417 1084 1471 1108 m.
1502 1079 1581 1107 aut.

220 1151 362 1174 omnes.
403 1134 527 1176 Amb.
555 1143 591 1177 1.
618 1136 753 1178 Guelf.
782 1137 903 1178 Goth.
928 1137 1066 1190 Camp.
1092 1140 1227 1177 omnis.
1315 1139 1350 1176 si
1369 1161 1425 1166 —-
1446 1135 1560 1190 quod.
1602 1134 1668 1175 Sic

218 1199 342 1242 Amb.
368 1209 403 1243 1.
423 1207 522 1243 sicut
547 1207 622 1243 ista
643 1223 674 1245 r.
698 1224 727 1246 e.
745 1225 785 1261 p.
813 1224 850 1261 q.
874 1209 995 1245 etiam
1015 1204 1123 1245 Flor.
1222 1204 1326 1259 quod
1349 1206 1387 1243 in
1408 1202 1502 1242 αὴ.
1526 1202 1667 1256 Camp.

223 1273 372 1310 omittit
402 1275 456 1310 in.
583 1272 817 1328 eloquentiae
849 1285 919 1313 cst.
986 1273 1094 1314 Flor.
1141 1272 1329 1328 eloquenti
1359 1288 1448 1310 esse.
1579 1270 1669 1311 Cur.

224 1335 358 1378 Guelf.
388 1355 485 1379 cum.
585 1358 664 1379 esse
684 1359 782 1382 cam.
831 1342 898 1382 Sic
918 1345 1038 1380 etiam
1060 1340 1168 1380 Flor.
1268 1339 1434 1394 quidem.
1479 1338 1604 1380 Amb.
1633 1344 1669 1379 1.

223 1402 257 1443 F
258 1407 331 1444 lor.
357 1406 518 1446 cuidem.
571 1407 708 1448 Tul-ic.
732 1425 753 1448 a
771 1425 830 1462 pr.
849 1425 905 1449 m.
933 1409 1104 1449 cuidam.

341 1507 376 1557 §.
413 1512 505 1547 105.
566 1506 626 1546 At
647 1525 772 1562 quam.
821 1506 944 1548 Amb.
969 1514 1005 1548 1.
1027 1507 1136 1548 Flor.
1160 1507 1213 1546 ad
1232 1524 1349 1562 quem.
1443 1509 1514 1546 ita.
1562 1505 1670 1549 Flor.

225 1575 385 1614 omittit.
495 1574 607 1614 homo
631 1578 717 1616 erit.
767 1574 892 1616 Amb.
918 1582 954 1616 1.
985 1576 1122 1616 Turio.
1157 1591 1178 1614 a
1201 1591 1259 1628 pr.
1282 1590 1337 1614 m.
1367 1572 1474 1614 Flor.
1494 1577 1676 1615 inserunt

228 1642 284 1680 ιἠ.
396 1653 433 1681 et
463 1645 540 1697 qui.
601 1641 738 1683 Turio.
777 1659 799 1682 a
828 1660 885 1697 pr.
918 1658 973 1683 m.
1006 1642 1140 1683 Guelf.
1174 1654 1206 1680 et
1239 1641 1356 1696 quocl.
1473 1645 1672 1683 conviviis-

231 1705 371 1762 Camp.
393 1712 667 1764 conviviisque.
756 1710 866 1750 dicit.
911 1708 1033 1750 Goth.
1056 1710 1168 1750 dicet.
1254 1713 1480 1763 quicunque.
1521 1708 1674 1750 Cervic.

228 1790 389 1832 quoqlle
411 1794 667 1833 quaecunque.

343 1879 377 1928 §.
413 1881 506 1918 106.
569 1879 676 1929 Quas
695 1881 743 1919 si.
796 1879 904 1921 Jens.
930 1878 1050 1920 Tarv.
1075 1895 1150 1933 qua
1169 1881 1215 1917 si.
1316 1879 1525 1931 finitiones.
1569 1877 1677 1919 Flor.

217 1942 430 1995 finitionis.
519 1947 675 1987 urbane.
725 1946 850 1987 Amb.
878 1953 913 1987 1.
937 1948 1098 1986 urbana.
1185 1948 1364 2000 accipiet.
1413 1944 1549 1986 Turic.
1575 1962 1597 1986 a
1617 1963 1676 2000 pr.

229 2024 285 2049 m.
308 2009 416 2052 Flor.
439 2017 624 2068 accipiat.
713 2014 896 2055 Celerum.
952 2014 1076 2055 Amb.
1099 2020 1132 2054 1.
1150 2013 1286 2054 Turio.
1305 2011 1415 2053 Flor.
1437 2024 1591 2053 elerum.

232 2080 301 2130 qui
317 2078 402 2119 hoc.
457 2079 594 2135 Camp.
623 2086 688 2137 qui
714 2083 820 2123 haec.
1031 2080 1033 2083 ¹

343 2182 379 2231 §.
412 2187 504 2222 107.
564 2199 660 2223 meo.
708 2182 841 2222 Turio.
866 2182 973 2222 Flor.
997 2200 1054 2223 eo.
1153 2199 1271 2237 neque
1289 2198 1413 2221 sensu.
1465 2178 1588 2220 Goth.
1612 2196 1679 2219 nec

231 2264 264 2286 s.
377 2262 548 2301 gestuve.
604 2249 730 2290 Amb.
757 2255 793 2290 1.
824 2249 858 2289 F
860 2253 932 2290 lor.
965 2253 1086 2290 etiam
1117 2260 1312 2304 gestuque.
1430 2246 1677 2300 ἀττικισμὸς.

232 2314 355 2354 Amb.
375 2322 410 2356 1.
433 2320 663 2357 atticismos.
705 2316 811 2357 Flor.
834 2320 956 2356 etiam
977 2321 1113 2358 atticis
1134 2334 1230 2358 mos,
1339 2315 1523 2356 redolens.
1555 2313 1677 2355 Amb.

237 2386 274 2422 1.
306 2382 415 2423 Flor.
446 2384 535 2425 Par.
560 2390 596 2424 1.
621 2391 659 2425 2.
693 2388 812 2424 etiam
839 2385 1013 2425 reddens.

344 2488 381 2537 §.
415 2490 506 2526 108.
566 2486 705 2525 Marsi
724 2486 823 2525 hom.
865 2483 998 2526 Guelf.
1020 2487 1056 2526 ἦ.
1081 2486 1148 2526 Μ.
1236 2485 1499 2524 eruditissimi.
1543 2484 1676 2524 Turic-

234 2550 521 2593 eruditissimis.
623 2556 804 2608 partitur.
855 2551 990 2594 Turio.
1019 2570 1041 2593 a
1061 2571 1120 2607 pr.
1141 2569 1196 2594 m.
1215 2557 1381 2609 patitur.
1495 2551 1598 2607 quod
1623 2574 1679 2582 -—

234 2615 331 2668 Lig..
375 2618 499 2660 Amb.
534 2627 572 2660 1.
610 2624 757 2661 omittit
782 2619 884 2674 quod
918 2632 982 2661 est.
1041 2621 1149 2662 Flor.
1189 2638 1338 2676 quoque
1367 2620 1460 2672 Lig.
1517 2620 1606 2659 Par.
1639 2623 1677 2657 1.

236 2682 342 2736 quod
356 2702 428 2738 pro
451 2687 543 2740 Lig.
654 2690 843 2740 iujurias.¹
887 2687 1021 2729 Turio.
1046 2704 1066 2728 a
1085 2705 1144 2742 pr.
1167 2704 1222 2728 m.
1246 2691 1285 2728 in
1305 2690 1453 2728 varias.
1622 2703 1624 2705 >

1772 2647 1775 2676 l
