1775 3091
193 232 276 269 210
640 225 906 281 Supplemenm
934 224 1192 268 annotationis

197 342 285 380 item
311 341 376 396 qui
405 339 454 379 ab
483 354 538 378 eo.
648 339 740 391 quia
766 353 844 377 non
871 348 939 379 est.
1000 337 1136 381 Turio.
1169 337 1291 379 Amb.
1318 343 1357 381 2.
1385 337 1505 380 Bern.
1539 355 1616 393 qua
1669 329 1674 331 Π

196 424 271 447 non
299 418 365 447 cst.
426 405 556 456 Guelf.
592 406 656 459 qui
683 420 767 444 non.
825 403 963 459 Camp.
1005 409 1070 460 qui
1104 422 1179 446 non
1215 416 1279 447 est.
1403 417 1456 445 cst
1497 405 1617 447 habit.

195 474 303 516 Sicll-
342 475 460 514 habit.
487 482 553 511 est.

279 544 314 594 §.
334 544 399 582 94.
446 541 764 594 superstitionum.
812 538 947 580 Turio.
966 537 1078 579 Alm.
1102 541 1425 593 supersticiorum.
1469 538 1619 579 Cervic.

195 612 463 663 suspicionum.
568 606 792 662 facilitate.
846 605 982 669 ᾞυῐίο.
1011 605 1116 646 Flor.
1143 606 1256 648 Ajm.
1282 606 1408 648 Amb.
1436 613 1474 648 2.
1503 605 1619 647 Voss.

198 683 236 717 3.
264 675 383 716 Bern.
411 673 624 729 felicitate.
744 676 979 714 narratione.
1032 673 1174 727 Camp.
1202 675 1501 714 narrationibus.

198 744 445 783 consentiant.
503 741 639 781 Turic.
668 740 787 792 Flor.,
815 751 981 795 uterque
1008 756 1030 779 a
1057 757 1114 794 pr.
1145 757 1199 780 m.
1229 739 1349 781 Amb.
1376 747 1416 783 2.
1445 741 1561 782 Voss.
1582 744 1620 780 3.

197 820 238 850 et
266 810 353 848 edd.
389 823 411 846 a
439 807 543 848 Jens.
577 809 626 846 ad
653 807 802 849 Cervic.
842 811 1088 847 consentiunt.

307 878 342 926 §.
375 881 439 916 95.
507 892 532 914 a
569 875 698 916 divite.
765 874 903 915 Turio.
941 890 963 914 a
1001 891 1058 928 pr.
1094 890 1149 915 m.
1196 874 1375 929 adjuviie‚
1403 889 1426 914 a
1456 890 1534 913 sec.
1567 888 1622 913 m.

197 944 356 997 adjuvit.
479 943 562 981 ideo
592 941 713 982 illum.
772 942 889 981 Voss.
921 947 956 982 1.
984 946 1022 981 3.
1061 942 1145 981 icleo
1175 942 1308 981 solum.
1365 941 1505 994 Camp.
1546 955 1624 980 om.

197 1000 318 1050 illum.
431 1013 556 1050 innoc.
586 1020 644 1047 τοι·
674 1008 800 1048 abdic.
858 1008 993 1048 Turio.
1026 1018 1065 1049 et
1092 1009 1196 1049 Flor.
1234 1012 1402 1048 alterum
1432 1019 1489 1047 ter
1525 1008 1625 1057 adji-

198 1081 310 1117 ciunt
328 1086 419 1116 ante
449 1080 573 1116 innoc.
604 1092 696 1116 cum
724 1076 866 1129 Camp.
891 1075 1013 1116 Amb.
1035 1081 1069 1116 1.
1100 1087 1157 1114 ter
1183 1079 1306 1116 innoc.
1336 1075 1462 1115 abdic.
1507 1074 1626 1115 Voss.

201 1150 238 1185 1.
271 1150 307 1184 3.
346 1147 472 1184 innoc.
505 1147 559 1182 rei
587 1143 715 1184 abdic.
770 1142 870 1183 Bad.
903 1145 1028 1183 innoc.
1060 1154 1115 1182 ter
1144 1143 1352 1182 abdicavit.

307 1213 339 1263 ξ.
372 1217 437 1252 96.
505 1211 688 1250 omnibus.
744 1209 866 1250 Amb.
901 1215 937 1250 1.
993 1212 1032 1249 in
1070 1211 1252 1250 omnibus.
1373 1218 1484 1262 atque
1514 1207 1626 1247 hunc.

200 1275 320 1317 Goth.
360 1288 393 1316 ct
436 1278 546 1318 stunc.
658 1277 880 1331 periculose.
937 1276 1062 1318 Amb.
1090 1284 1127 1320 2.
1162 1277 1278 1318 Voss.
1310 1282 1346 1317 1.
1373 1281 1409 1316 3.
1443 1273 1628 1329 periculo.

310 1355 389 1384 iam
420 1347 531 1384 invis.
589 1342 720 1384 Guelf.
752 1356 831 1382 tum
860 1346 936 1384 inv.

313 1413 346 1462 §.
377 1417 442 1452 97.
500 1413 782 1450 controversiis.
841 1410 976 1450 Turio.
1014 1426 1035 1449 a
1067 1427 1122 1464 pr.
1153 1426 1207 1451 m.
1242 1409 1369 1449 Amb.
1399 1415 1435 1450 2.
1473 1418 1630 1448 contro-

199 1481 332 1517 versis.
436 1488 595 1531 utraque
610 1495 717 1531 pars.
774 1475 890 1517 Goth.
915 1493 1006 1516 cum
1026 1480 1115 1517 edd.
1139 1488 1229 1517 ante
1250 1477 1376 1517 Stoer.
1397 1479 1510 1527 meis,
1541 1490 1627 1514 exc.

201 1544 368 1597 Camp.‚
401 1545 536 1582 ordIne
563 1554 727 1583 mutato.
843 1561 924 1582 cum
950 1560 1022 1597 pro
1053 1561 1106 1583 sc.
1165 1543 1287 1584 Goth.
1321 1560 1404 1582 cnm
1428 1561 1465 1596 p.
1489 1559 1520 1582 s.

201 1628 377 1665 quaeque.
434 1610 499 1651 Sic
530 1614 650 1649 etiam
691 1611 814 1650 Amb.
848 1616 883 1650 1.
919 1610 1024 1650 Flor.
1058 1626 1079 1650 a
1112 1627 1172 1663 pr.
1203 1626 1255 1650 m.
1323 1610 1428 1662 [Non
1465 1611 1629 1649 debebat

201 1678 455 1730 Spaldingius
485 1678 685 1725 dubitare,
730 1682 826 1731 quin
856 1687 991 1717 auctor
1026 1681 1069 1716 iu
1108 1693 1153 1716 ea
1184 1681 1379 1717 sententia
1405 1680 1546 1725 fuerit,
1587 1686 1629 1715 uf

200 1745 277 1783 hoc
305 1747 348 1782 in
377 1747 461 1782 foro
490 1759 572 1782 non
601 1754 836 1783 eventurum
863 1753 1031 1797 putaret.
1086 1744 1179 1784 Non
1196 1748 1410 1783 minimum
1430 1747 1523 1783 facit
1542 1760 1630 1784 ver—

202 1813 343 1850 borum
370 1811 607 1862 colloz-atim]

313 1881 351 1927 §.
382 1883 450 1919 98.
509 1895 548 1916 se
575 1878 620 1915 cle
640 1889 786 1931 stupro.
835 1876 968 1918 Guelf.
990 1893 1069 1918 om.
1099 1894 1152 1918 se.
1246 1880 1440 1932 privigno.
1493 1875 1631 1930 Camp-

200 1948 426 1999 pracvigno.
543 1957 677 1985 contra
695 1945 827 2000 filius.
883 1944 1021 1999 Camp.
1055 1947 1233 1984 ordinem
1259 1948 1440 1984 mutavit.
1544 1955 1633 1984 ian—

205 2023 297 2051 ium.
356 2014 492 2051 Guelf.
525 2023 663 2052 lamen.
777 2030 824 2052 (ιο
854 2013 954 2053 loco.
1014 2011 1136 2054 Goth.
1167 2024 1201 2051 et
1232 2012 1332 2052 loco.
1392 2012 1477 2052 loco
1504 2023 1631 2067 pater.

204 2078 307 2117 Edd.
353 2089 442 2118 ante
483 2078 662 2133 Gryph.‚
702 2094 789 2119 exc.
833 2079 998 2133 Camp.‚
1045 2083 1183 2120 inserr.
1231 2083 1334 2134 quia.
1472 2083 1631 2119 invenit.

204 2144 330 2184 Amb.
369 2151 404 2184 1.
443 2145 549 2185 Flor.
589 2161 610 2184 a
638 2162 698 2198 pr.
730 2162 785 2185 m.
826 2149 1030 2187 inventum.
1097 2150 1232 2187 Turio.
1266 2163 1289 2186 a
1316 2162 1375 2199 pr.
1404 2160 1459 2185 m.
1502 2150 1632 2185 inven-

206 2222 300 2251 iam.
358 2211 554 2270 [Fortasse
593 2215 756 2262 invenit,
795 2224 874 2252 tum
901 2214 1182 2266 scribendum.]
1291 2216 1331 2252 in
1360 2229 1418 2253 eo.
1474 2213 1581 2254 Flor.
1612 2228 1635 2254 a

207 2293 268 2331 pr.
297 2293 354 2318 111.
394 2289 429 2316 et
458 2282 497 2318 in
530 2296 586 2319 co.
700 2296 776 2334 qua
814 2291 975 2321 tacente.
1032 2280 1141 2321 Jens.
1182 2282 1275 2335 quia
1302 2291 1332 2320 t.
1454 2297 1634 2322 noverca.

207 2343 314 2384 Flor.
346 2360 369 2384 a
398 2360 457 2397 pr.
486 2361 543 2386 m.
582 2348 777 2398 noverica.

322 2412 360 2462 §.
390 2417 457 2453 99.
515 2423 642 2452 tamen
676 2415 790 2452 etiam
828 2429 927 2454 com.
989 2411 1111 2454 Goth.
1148 2413 1238 2455 Par.
1271 2419 1309 2454 1.
1346 2419 1385 2454 2.
1414 2428 1508 2453 cum
1542 2415 1633 2470 edd.

212 2486 302 2516 ante
333 2476 503 2532 Gryph.‚
535 2496 622 2521 exc.
654 2479 807 2534 Camp„
840 2491 869 2521 i.
901 2484 1030 2521 omnia
1058 2498 1156 2521 com.
1217 2480 1339 2521 Goth.
1371 2479 1509 2535 Camp.
1545 2477 1636 2522 cl'un

211 2546 319 2584 fibris
348 2560 409 2597 ap.
441 2545 581 2587 Burm.
622 2558 651 2587 t.
680 2558 729 2587 et.
762 2551 890 2587 omnia
921 2565 1019 2601 com.
1079 2548 1171 2589 Bal.
1204 2551 1318 2587 etiam
1343 2551 1472 2587 omnia
1499 2563 1635 2587 comm.

214 2624 305 2648 cum
334 2612 424 2651 edd.
455 2627 477 2651 a
497 2611 662 2668 Gryph.
680 2615 773 2653 inde
803 2623 893 2655 ante
917 2615 1058 2658 Burm.
1164 2615 1400 2671 repudiatae.
1450 2614 1573 2655 Amb.
1593 2619 1634 2656 2.

215 2675 422 2729 repudiate.
477 2679 596 2722 Voss.
617 2686 656 2723 1.
687 2681 903 2738 repudiare.
