1775 3091
192 250 244 289 ml
266 249 427 302 Quintil.
451 249 578 289 Instit.
606 249 682 297 λ’Ῑ,
706 256 744 290 2.
769 251 803 301 ξ.
827 254 1020 290 32—-51,
1069 254 1105 289 3.
1124 253 1159 301 §
1186 255 1352 293 1--35.
1411 253 1492 294 435

161 365 196 415 §.
231 367 296 403 15.
357 361 584 416 simplicior.
636 361 702 403 Sic
736 361 826 403 Par.
863 367 898 401 1.
931 368 969 401 2.
1004 367 1040 401 6.
1133 366 1249 403 varia
1285 375 1354 403 cst.
1387 382 1489 405 nam.

50 430 138 470 Par.
175 437 212 470 1.
247 436 283 470 2.
317 435 355 470 6.
386 445 466 469 om.
498 441 566 470 cst.

160 502 196 550 §.
232 503 294 538 16.
333 494 500 551 'capitis
531 501 659 536 eliam.
708 495 776 536 Sic
806 495 897 536 Par.
935 503 970 536 1.
1005 501 1043 537 2.
1077 503 1113 537 6.
1203 502 1381 552 egeritur.
1420 500 1489 540 Sic

6 611 11 618 ‚
49 564 134 604 l’ar.
158 571 195 606 2.
220 570 257 605 6.
304 565 499 618 egreditur
524 564 614 604 Par.
638 570 674 603 1.

162 637 196 683 §.
232 638 297 673 18.
358 643 522 672 constat.
562 630 651 672 l‘ar.
675 637 712 671 1.
736 637 775 672 2.
802 641 960 672 constet.
1045 635 1208 686 possint.
1250 632 1318 674 Sic
1337 633 1427 674 Par.
1453 638 1488 674 6.

46 710 200 754 possent
219 699 308 739 Par.
335 706 372 739 ,1.
398 705 436 739 2.

161 769 199 818 §.
232 772 299 807 21.
346 768 506 822 fluoeus.
560 765 648 806 Par.
684 771 721 806 1.
751 773 791 807 2.
828 772 866 807 6.
893 769 1066 820 spiritus.
1153 767 1285 823 faiig.
1317 779 1384 808 ur..
1423 768 1489 808 Sic

49 833 138 875 Par.
164 841 200 874 1.
229 840 265 874 2.
287 839 323 873 6.
778 884 780 886 Ι

161 904 196 955 §.
229 907 294 942 22.
350 918 470 955 genus
492 912 558 941 cst.
594 901 662 942 Sic
691 901 782 942 Par.
805 908 845 942 2.
860 934 871 952 ,
908 902 978 942 sed
998 901 1086 942 l'ar.
1109 907 1148 942 2.
1171 917 1248 942 sec.
1271 918 1325 942 m.
1345 905 1384 943 6.
1410 919 1488 943 om.

49 980 117 1009 est.
204 968 465 1023 spatiandum.
504 968 594 1009 Par.
624 974 660 1008 1.
686 975 722 1009 2.
745 973 782 1009 6.
802 969 1041 1023 spirandum.
1132 969 1305 1010 condere.
1346 969 1433 1011 l’ar.
1452 976 1488 1010 1.

52 1043 89 1076 2.
113 1042 149 1076 6.
175 1036 412 1075 contendere.
471 1035 560 1075 Par.
590 1042 630 1076 2.
659 1052 736 1076 sec.
771 1052 826 1076 m.
856 1037 1073 1077 concedere.

162 1104 198 1155 §.
232 1104 297 1143 24.
356 1120 454 1158 quae
480 1103 682 1143 duratura.
732 1103 823 1144 Par.
859 1109 895 1145 1.
925 1110 966 1145 2.
994 1109 1032 1145 6.
1066 1121 1178 1159 quam
1209 1104 1490 1145 desideratura.

50 1169 238 1226 [Quidni
262 1174 380 1224 igitur
400 1187 512 1225 quam
534 1170 732 1210 desertura
752 1170 837 1211 sit?
875 1170 972 1211 Vox
993 1188 1057 1212 eas
1087 1174 1246 1213 delicias
1268 1175 1346 1212 cito
1368 1176 1491 1212 omis-

49 1255 137 1278 suro
164 1249 243 1289 est,
295 1241 363 1277 ubi
393 1239 443 1277 nd
476 1253 593 1276 usum
624 1242 728 1277 vitae
762 1241 888 1278 civilis
920 1240 1215 1292 adhibebitur]
1302 1240 1491 1280 subsidat.

50 1306 118 1347 Sic
144 1306 233 1346 Par.
259 1311 294 1346 2.
320 1312 355 1346 6.
409 1305 602 1344 subsideat
630 1304 718 1346 Par.
742 1310 777 1346 1.

164 1375 200 1423 §.
233 1380 295 1413 25.
355 1372 535 1413 dieentes.
587 1371 676 1413 Par.
712 1379 748 1412 1.
780 1380 819 1413 2.
848 1378 883 1414 6.
907 1374 1084 1422 dicentis.
1172 1386 1314 1415 avocat
1335 1392 1373 1416 α.
1425 1374 1491 1416 Sic

50 1441 136 1480 Par.
163 1447 200 1481 6.
260 1440 456 1480 advocata.
481 1440 571 1480 Par.
600 1445 635 1480 1.
681 1451 870 1480 avocatur
899 1440 989 1481 Par.
1003 1449 1040 1482 2.
1061 1459 1137 1482 sec.
1159 1458 1215 1481 m.

163 1510 200 1558 §.
263 1513 300 1547 6.
348 1506 594 1564 fascemque.
636 1506 727 1546 Par.
745 1507 1017 1563 2.fascesqne.
1055 1509 1144 1551 Par.
1171 1515 1208 1549 1.
1239 1508 1489 1566 &facesquta

161 1577 197 1624 §.
259 1580 298 1615 7.
360 1574 504 1614 calido.
552 1573 620 1613 Sic
648 1574 734 1614 Par.
759 1579 796 1613 1.
816 1580 855 1614 2.
878 1579 916 1614 6.

160 1646 196 1695 §.
259 1647 297 1683 8.
356 1643 450 1696 quia
468 1652 549 1680 nat.
589 1640 679 1680 Par.
705 1645 743 1680 1.
764 1646 803 1681 2.
829 1646 867 1680 6.
897 1645 1021 1695 quin.
1119 1643 1232 1683 alias.
1281 1643 1367 1684 Par.
1391 1651 1426 1685 1.
1450 1652 1489 1686 2.

53 1715 91 1750 6.
127 1709 230 1749 aliis.
1170 1704 1174 1708 '

164 1778 199 1826 §.
232 1781 294 1816 32.
354 1775 524 1829 Itemque
543 1774 750 1830 -fucrin
796 1774 863 1815 Sic
885 1775 971 1815 Par.
995 1782 1031 1816 1.
1055 1782 1094 1817 2.
1109 1781 1147 1816 6.
1232 1776 1346 1818 modo
1364 1779 1487 1820 retuli.

51 1842 119 1883 Sic
151 1843 240 1883 Par.
264 1848 303 1882 6.
345 1858 444 1881 manc
473 1841 567 1881 dimi
593 1841 681 1882 Par.
705 1847 742 1882 1.
772 1848 810 1882 2.
889 1845 1074 1897 patietur.
1115 1841 1183 1883 Sic
1210 1844 1302 1885 Par.
1329 1851 1367 1886 1.
1391 1852 1431 1887 2.
1455 1853 1489 1888 6.

53 1911 194 1963 [Nihil
222 1912 271 1949 de
301 1910 447 1949 surda:
487 1913 674 1949 convenit
698 1912 818 1962 igitur
842 1919 1011 1950 statuere
1032 1913 1074 1949 iu
1095 1910 1236 1951 Pal-iss.
1258 1915 1378 1953 fuisse
1399 1915 1490 1954 sub-

230 1649 253 1682 10
232 1582 255 1615 Ν)
233 1513 257 1548 10

52 1978 187 2018 sur-cla.
247 1976 383 2028 Quam
407 1993 547 2017 vocem
574 1993 644 2016 cur
670 1981 845 2017 mirabili
873 1981 1198 2031 interpretatione
1227 1990 1489 2036 contorquere

52 2061 174 2099 quam
203 2046 413 2084 emendare
441 2048 656 2084 maluerint
687 2048 757 2084 vix
783 2048 987 2098 intelligo,
1035 2053 1128 2085 cum
1157 2049 1199 2085 iu
1229 2058 1413 2102 promptu
1440 2052 1491 2089 sit

54 2112 237 2152 absurda.
295 2113 389 2153 Post
412 2123 547 2163 vasta,
591 2114 700 2167 quod
719 2111 856 2152 Burm.
876 2116 1040 2164 maluit,
1072 2114 1174 2152 mihi
1193 2116 1358 2169 quidem
1371 2119 1489 2170 longe

55 2181 223 2220 deterius
245 2181 425 2229 videtur,
457 2195 579 2234 quam
605 2180 710 2234 quod
734 2181 842 2219 idem
863 2184 1054 2230 tentavit,
1086 2197 1196 2221 rava.
1256 2185 1364 2222 Nam
1385 2186 1489 2223 inter

54 2247 153 2287 haec
189 2250 402 2301 singularia
429 2249 538 2286 'vitia
568 2250 738 2286 vastitas
767 2250 873 2286 vocis
899 2263 980 2287 non
1011 2248 1169 2287 videtur
1199 2251 1303 2288 bene
1334 2253 1488 2301 referri,

53 2329 185 2370 neque
215 2319 297 2368 ipsa
337 2316 615 2368 corrumpendi
648 2318 918 2367 opportunitas
945 2324 1055 2354 tanta
1085 2316 1290 2368 apparet.]
1369 2333 1486 2356 υαηα.

55 2381 122 2422 Sic
147 2383 235 2423 Par.
260 2389 296 2423 1.
317 2389 356 2423 2.
380 2387 415 2421 6.
503 2384 541 2421 in
566 2392 730 2436 receptu.
771 2380 838 2421 Sic
865 2380 956 2421 Par.
978 2387 1017 2422 2.
1047 2398 1125 2422 seo.
1151 2398 1208 2423 m.
1250 2386 1290 2422 in
1308 2395 1491 2439 perceptu

54 2448 141 2489 Par.
170 2455 205 2490 1.

165 2520 200 2570 §.
232 2520 298 2556 33.
358 2518 558 2568 imputare.
589 2513 656 2554 Sic
674 2513 764 2555 Par.
787 2521 824 2555 1.
848 2519 884 2555 6.
918 2520 957 2556 2.
978 2531 1052 2555 sec.
1073 2531 1128 2556 m.
1161 2529 1384 2572 computare
1403 2518 1486 2559 Par.

55 2588 93 2623 2.
180 2583 302 2623 otlios.
334 2582 454 2621 Nam.
494 2581 560 2622 Sic
582 2580 671 2621 Par.
697 2588 734 2622 2.
760 2586 823 2632 6.,
862 2581 932 2622 sed
957 2582 1047 2623 Par.
1073 2588 1108 2623 1.
1139 2599 1220 2624 om.
1252 2596 1319 2625 cst.

169 2651 206 2700 §.
237 2654 303 2690 35.
362 2649 404 2688 id
423 2660 499 2699 est,
543 2660 582 2687 u!
601 2652 667 2702 qui
697 2648 787 2689 Par.
821 2654 858 2688 1.
893 2655 932 2690 2.
961 2654 995 2688 6.
1025 2665 1105 2690 om.
1136 2661 1190 2692 ut.
1278 2653 1382 2706 quod
1419 2652 1486 2693 Gr.

57 2715 122 2757 Sic
141 2716 228 2759 Par.
251 2723 287 2758 1.
309 2723 348 2757 2.
368 2721 405 2756 6.

883 2783 915 2822 Ε
933 2801 953 2823 e
983 2790 1007 2824 2
