1775 3091
130 256 182 293 52
556 243 826 300 Snpplcmenm
863 242 1127 282 annotationis

133 363 240 404 Flor.
280 359 374 416 (hic
412 366 610 413 praeterea
646 361 721 396 ins.
762 355 840 411 et).
954 365 989 394 ct
1027 354 1087 393 his
1126 350 1245 392 simil.
1285 351 1421 392 Turio.
1451 349 1559 389 Flor.

133 429 257 470 Aan.
282 433 320 469 1.
358 427 476 469 Bodl.
518 425 654 477 Camp.
694 423 824 463 Andr.
885 424 998 476 [non
1026 423 1156 472 male,
1197 421 1277 460 vid.
1309 417 1361 468 ΙΙ,
1395 424 1461 469 10,
1493 416 1561 456 14.

134 496 188 549 Π,
220 501 287 547 17,
317 497 357 535 4.
387 495 516 537 Praef.
546 492 642 532 Vol.
666 488 687 530 I
715 506 755 543 p.
775 487 1053 540 LXXVIH.]

250 564 288 613 §.
319 567 386 603 17.
444 579 559 618 quam
589 577 664 600 non
692 576 725 599 s.
783 560 872 613 quia
902 574 976 597 non
1005 574 1037 596 s.
1070 555 1207 596 Turic.
1245 553 1392 595 Baliol.
1424 550 1562 603 Camp-

136 630 269 671 Andr.
381 632 421 669 ἰη
459 632 530 669 {ris
569 627 755 683 syllabas.
811 626 917 665 Huic
956 627 1118 664 lecfloni
1156 624 1305 662 accedit
1342 620 1475 660 Flor.:
1526 621 1566 656 in

137 696 396 752 trissyllabas.
452 697 576 738 Paris.
610 700 647 734 1.
679 700 717 734 3.
747 694 786 733 4.
819 697 858 734 5.
900 702 1029 746 aperte
1059 694 1132 730 tris
1159 690 1330 745 syllabas
1358 689 1567 727 traduntur

136 767 298 806 habere·
356 763 478 805 ΑΒΗ).
509 769 550 805 2.
582 762 682 803 Obr.
713 764 801 813 fort.
831 758 956 799 Aan.
991 765 1028 798 1.
1059 761 1099 797 in
1128 757 1366 812 trisyllabos.
1423 758 1461 793 in
1491 756 1567 791 iri-

138 832 299 889 syllabis
337 831 460 874 Paris.
495 836 534 872 2.
569 836 607 871 6.
645 830 752 871 Jens.
797 837 841 867 ut
877 830 1088 880 pleraeque
1118 826 1209 864 edd.
1270 827 1368 863 inter·
1398 821 1569 877 syllabas

140 900 281 953 Cmnp.
391 898 588 946 desideret.
649 895 880 935 desideraret
915 893 1042 935 Amb.
1069 897 1107 933 1.
1146 891 1282 932 Turio.
1312 890 1433 930 Bodl.
1462 888 1570 927 Flor.

142 983 165 1008 a
191 983 248 1008 m.
277 981 355 1007 sec.
388 965 605 1005 desiderant
629 963 740 1008 ‘Flor.
772 978 794 1001 a
822 978 881 1015 pr.
912 975 967 1000 m.

255 1036 288 1089 ᾧ.
322 1038 387 1074 18.
444 1033 503 1073 Αι
532 1031 620 1088 syll.
676 1030 740 1071 Ae
769 1029 856 1085 syll.
886 1028 1022 1069 Turio.
1052 1026 1160 1068 Flor.
1190 1025 1314 1066 Amb.
1339 1030 1376 1065 1.
1436 1022 1573 1077 [quod

144 1102 429 1146 restituendum
456 1087 634 1147 videtui,
679 1101 870 1154 quoniam
891 1097 938 1135 de
957 1094 1110 1135 Latinis
1131 1097 1259 1134 verbis
1281 1092 1402 1142 dicit]
1435 1091 1573 1143 Camp.

144 1188 190 1213 αε
218 1169 342 1212 Amb.
360 1174 401 1209 2.
459 1183 508 1207 ac
537 1165 648 1206 Sich.
706 1164 768 1205 Cf.
797 1165 918 1217 praef.
949 1160 1089 1202 V01.1
1116 1178 1155 1215 p.
1181 1157 1460 1209 LXXVIH]

146 1239 230 1280 dat.
255 1236 318 1276 vel
340 1253 428 1290 gen.
455 1232 579 1274 Amb.
605 1238 642 1274 1.
674 1248 697 1271 a
723 1249 783 1287 pr.
804 1247 859 1272 m.
879 1247 958 1271 0111.
980 1230 1061 1269 clm.
1086 1229 1171 1280 vcl‚·
1215 1231 1265 1267 al.
1285 1243 1340 1266 m.
1365 1242 1462 1266 corr.
1487 1242 1574 1278 gen.

146 1305 209 1346 vel
235 1304 318 1344 slat.
428 1303 546 1356 aquai
584 1304 703 1341 etiam
739 1300 846 1339 Flor.
876 1297 999 1337 Ajnb.
1024 1303 1062 1336 1.
1093 1296 1215 1337 Paris.
1241 1297 1280 1334 4.
1305 1298 1343 1334 5.
1368 1299 1405 1333 6.
1438 1292 1575 1345 Camp.

149 1372 305 1428 Gryph.
335 1369 461 1411 Stoer.
494 1367 662 1408 Chouet.
694 1367 804 1408 Sich.
842 1368 883 1404 in
914 1379 1037 1417 marg.

260 1441 294 1493 ς.
322 1443 389 1479 19.
443 1434 491 1474 In
519 1434 669 1475 iisdem.
729 1433 829 1474 Obr.
870 1432 992 1471 Iidem
1030 1434 1089 1479 in,
1139 1439 1183 1469 ut
1221 1429 1328 1469 Flor.
1365 1442 1387 1467 a
1415 1444 1492 1468 sec.
1521 1443 1577 1468 m.

149 1506 257 1563 (nisi
285 1505 392 1560 quod
411 1503 478 1542 hic
496 1500 645 1555 Idem).
702 1499 920 1553 Receptam
947 1508 1079 1538 tuetur
1106 1497 1231 1538 Amb.
1258 1503 1296 1537 1.
1406 1496 1582 1550 pluralia

149 1572 287 1614 Turio.
316 1570 423 1611 Flor.
452 1567 576 1608 Amb.
600 1573 638 1607 1.
670 1583 691 1606 a
710 1583 765 1608 m.
784 1582 861 1607 sec.
892 1565 1095 1605 Almelov.
1211 1565 1270 1602 his
1299 1563 1433 1618 Syllae
1462 1567 1580 1602 etiam

150 1639 260 1680 Jens.
288 1637 411 1678 Paris.
444 1641 481 1676 1.
504 1642 545 1677 2.
573 1634 697 1675 Aan.
726 1641 765 1675 2.
824 1636 864 1673 in
893 1634 952 1672 his
982 1632 1114 1687 Syllae
1144 1631 1245 1671 Obr.
1303 1634 1341 1669 in
1371 1632 1430 1669 lzis
1460 1631 1581 1686 sylla-

152 1707 224 1747 bae
258 1704 395 1745 Turio.
435 1718 457 1742 a
499 1718 577 1743 sec.
616 1718 672 1742 m.
714 1701 852 1755 Camp.
911 1701 971 1739 his
1000 1700 1171 1754 syllabae
1198 1699 1305 1738 Flor.
1363 1697 1582 1751 Receptam

152 1774 250 1813 dant
276 1771 400 1811 Amb.
421 1775 460 1811 1.
489 1770 596 1810 Flor.
629 1784 651 1808 a
671 1785 747 1809 sec.
768 1783 824 1808 m.
938 1767 1010 1805 Est
1039 1770 1092 1806 in.
1150 1766 1222 1805 Est
1244 1777 1277 1803 ct
1297 1768 1337 1804 in
1354 1765 1461 1806 Flor.
1485 1781 1507 1804 a
1526 1781 1582 1805 m.

151 1856 232 1881 sec.
262 1837 400 1891 Camp.
459 1837 511 1876 Et
540 1841 581 1876 in
611 1835 715 1890 (om.
745 1832 843 1887 Est)
872 1832 1008 1873 Turio.
1029 1832 1142 1873 Ahn.
1256 1833 1403 1873 credat.
1463 1833 1583 1873 credit

153 1905 261 1948 Flor.
317 1903 443 1946 credet
467 1903 566 1944 Tur.
595 1902 720 1944 Amb.
749 1907 787 1942 1.
818 1915 840 1940 a
868 1916 925 1941 m.
953 1916 1029 1940 sec.
1059 1899 1184 1940 Amb.
1204 1905 1244 1940 2.
1265 1899 1434 1940 Voss.3.
1458 1899 1583 1940 Bern.

267 1975 301 2027 ξ.
328 1979 397 2015 20.
459 1970 652 2011 Ciceronis
667 1969 825 2024 paulum
845 1967 954 2024 irfizz
982 1966 1119 2007 Turio.
1233 1983 1405 2018 caussae,
1437 1984 1584 2008 cassus·

158 2057 318 2084 caussas
347 2050 381 2078 et
411 2054 544 2079 cassus
571 2036 678 2076 Flor.
711 2034 849 2087 Camp.
878 2033 1002 2074 Amb.
1028 2040 1066 2075 1.
1097 2049 1120 2073 a
1147 2050 1225 2075 sec.
1255 2050 1310 2074 m.
1343 2031 1474 2088 (prius
1505 2043 1585 2073 erat

159 2104 460 2161 causasecasus)
490 2119 630 2145 causas
659 2113 693 2142 et
723 2118 835 2142 casus
864 2099 1002 2141 Turio.
1060 2111 1095 2139 et
1130 2104 1205 2141 ins.
1237 2105 1355 2141 etiam
1385 2099 1516 2141 Guelf.

273 2175 311 2229 §.
343 2179 410 2216 21.
467 2172 568 2227 quod
596 2188 664 2211 nos
691 2172 845 2224 gemina
873 2167 905 2206 S
935 2168 1012 2208 dic.
1069 2184 1138 2207 nos
1171 2178 1209 2208 et
1238 2168 1271 2206 S
1299 2183 1377 2208 om.
1407 2167 1516 2208 JenS.
1547 2176 1586 2208 et

163 2241 254 2284 edd.
283 2250 383 2295 post.
414 2249 504 2279 ante
535 2238 689 2294 Gryph.
747 2236 780 2275 S
801 2238 927 2276 omitt.
951 2237 1069 2274 etiam
1098 2233 1232 2274 Turio.
1260 2234 1367 2274 Flor.
1396 2234 1519 2274 Amb.
1546 2241 1584 2277 1.

163 2318 205 2353 2.
235 2309 372 2362 Camp.
403 2307 520 2348 Voss.
542 2312 580 2348 3.
689 2306 767 2358 jusi
795 2318 874 2343 om.
907 2305 1025 2341 etiam
1054 2300 1162 2341 Flor.
1191 2301 1315 2341 Amb.
1345 2307 1384 2342 2.
1423 2302 1513 2343 Par.
1546 2309 1585 2344 1.

163 2383 205 2419 2.
236 2374 373 2428 Camp.
405 2373 506 2415 Obr.
535 2376 626 2413 fort.
667 2371 792 2412 Amb.
821 2374 859 2409 1.
971 2368 1060 2408 Jam
1090 2379 1166 2422 opt.
1207 2368 1332 2410 Amb.
1358 2374 1395 2409 1.
1454 2369 1587 2409 Etiam

163 2452 326 2484 tuentur
352 2441 487 2482 Turic-
516 2439 640 2480 Amb.
667 2445 707 2480 2.
746 2437 855 2476 haud
885 2436 1002 2475 dubie
1032 2439 1112 2475 alii.
1173 2436 1292 2489 [Non
1315 2435 1359 2476 C.
1382 2435 1587 2476 Caesarem

84 2513 95 2519 “
166 2509 388 2562 Caligulam
414 2509 483 2548 sed
511 2506 717 2548 Caesarem
743 2505 970 2543 dictatorem
1008 2505 1087 2553 ejus
1126 2506 1184 2542 rei
1217 2513 1414 2542 auctorem
1453 2506 1584 2553 fuisse,

167 2578 295 2616 verius
317 2578 479 2627 opinor,
517 2576 669 2614 censuit
686 2570 855 2612 conrad.
882 2568 1146 2610 Schneiderus
1166 2573 1210 2609 in
1228 2570 1445 2610 Elementis
1464 2568 1584 2622 Ling.

166 2639 258 2683 Lat.
286 2656 326 2694 p.
359 2645 409 2681 19
439 2640 551 2691 Βοὴ]

277 2709 310 2760 ξ.
351 2711 418 2747 23.
477 2707 595 2746 (licem
646 2717 677 2745 ci
713 2706 881 2763 faciem.
951 2704 1034 2743 dice
1072 2716 1103 2742 et
1129 2704 1230 2760 face
1275 2704 1410 2744 Turio.
1453 2700 1582 2743 Guelf.
