1775 3091
182 223 233 259 32
615 217 883 275 Supplemenra
914 221 1175 260 annotationis

178 336 282 372 26.
297 334 342 375 ,4.
373 329 493 373 Goth,
519 329 672 386 Gryph,
696 330 823 376 Stoer.
846 331 1014 375 Chouet,
1072 350 1146 388 pro
1163 345 1274 388 gente
1299 333 1404 376 Flor.
1429 333 1552 375 Paris.
1570 340 1606 375 1.

264 410 400 438 cantus
438 398 557 438 Amb.
590 405 626 440 1.
668 398 786 439 Bodl.
825 399 969 441 Joann.
1012 400 1134 442 Goth.
1167 401 1299 443 Guelf.
1332 403 1472 455 Camp.
1501 401 1609 441 Jens.

180 465 304 509 Tarv.
350 465 444 508 Ald.
561 469 708 505 casami
736 469 855 512 etiam
892 467 998 508 Flor.
1040 468 1160 509 Δηὼ.
1196 474 1232 509 1.
1276 468 1399 510 Tan-v.
1456 483 1611 508 casamo

181 534 321 588 Camp.
353 535 442 575 Par.
464 539 503 574 6.
562 550 759 572 cascanum
794 532 883 574 I‘ar.
910 541 945 575 1.
968 542 1006 576 2.
1049 535 1184 575 Turic-
1218 552 1240 575 a
1269 552 1322 575 m.
1353 552 1430 577 sec.
1546 534 1613 591 qs:-

166 603 349 659 fectator
378 605 498 640 etiam
526 598 664 640 Turio.
696 599 802 640 Flor.
833 599 954 642 Amb.
981 608 1016 643 1.
1050 601 1173 643 Tarv.
1221 604 1447 658 qff'ecraium
1470 602 1608 643 Turio.

179 685 201 709 a
241 685 294 709 m.
337 685 437 719 sec„
492 667 629 719 Camp.
671 666 760 708 Par.
795 673 831 709 1.
859 673 922 720 2.,
973 674 1177 723 vulgatam
1227 681 1441 710 assectator
1478 680 1612 709 tuetur

177 736 268 777 I‘ar.
307 742 344 777 6.
459 745 698 786 masin-agam
745 734 853 776 Jeus,
904 746 944 776 et
980 740 1070 778 edd.
1107 747 1270 791 posterr.
1308 747 1400 778 ante
1440 735 1609 791 Gryph.,

179 820 260 844 acc.
291 802 429 843 Turic.
462 818 485 841 a
511 817 567 842 m.
598 817 701 852 sec.‚
740 801 884 854 B0d1.‚
924 802 1045 846 Amb.
1070 810 1106 844 1.
1137 821 1159 844 a
1188 820 1243 846 m.
1274 821 1377 857 ερας
1418 816 1610 844 mamm-u—

174 889 268 925 gam
308 871 445 923 Camp.
505 880 707 921 mastruga
743 868 878 910 Guels.
1005 871 1108 925 quod
1139 896 1197 902 —
1242 872 1433 917 illudens.¹
1475 889 1513 926 q.
1556 882 1612 910 est

177 939 367 985 Sardum,
418 936 600 976 inridens.
651 935 771 976 Amb.
810 941 847 976 1.
925 936 1022 990 [Ad
1067 948 1204 977 notam
1249 955 1364 978 suam
1410 940 1612 992 adscripsit

175 1006 384 1059 Spalding.
417 1004 679 1056 WVesselingii
709 1006 984 1043 auctoritatem
1008 1006 1058 1044 ad
1078 1004 1244 1045 Diodor.
1268 1005 1392 1046 Sicul.
1415 1004 1488 1056 ΙΠ,
1515 1011 1607 1046 567.

290 1073 324 1124 §.
359 1078 397 1113 9.
458 1071 725 1110 Existimant·
755 1072 851 1110 dant
878 1074 1000 1110 etiam
1030 1070 1130 1113 Tur.
1160 1077 1268 1113 Flor.
1300 1076 1390 1113 fort.
1412 1072 1533 1114 Amb.
1558 1079 1610 1122 1.,

174 1139 266 1181 Par.
292 1146 329 1180 1.
352 1146 391 1180 2.
416 1143 453 1179 6.
487 1138 585 1193 (pro
619 1142 656 1178 6.
687 1137 850 1178 Portier.
881 1141 926 1176 in
955 1139 1048 1179 edit.
1080 1140 1147 1194 3.)
1179 1139 1317 1193 Camp.
1348 1143 1452 1181 Jem.
1485 1138 1607 1181 Tarv.

174 1208 287 1249 Sich.

289 1279 324 1328 §.
352 1281 417 1315 10.
478 1272 744 1312 barbarismus
783 1269 922 1313 Turio.
963 1272 1069 1313 Flor.
1105 1287 1128 1314 a
1159 1289 1217 1327 pr.
1250 1288 1305 1314 m.
1347 1271 1462 1314 Voss.
1495 1278 1535 1315 2.
1569 1278 1607 1314 8.

175 1353 216 1384 et
243 1342 364 1384 Born.

288 1415 323 1464 §.
357 1414 421 1450 11.
481 1418 522 1447 ui
547 1418 652 1448 auct.
675 1429 732 1439 —-
750 1410 1000 1448 criminentur
1030 1406 1157 1462 Obr.;
1197 1406 1318 1449 Amb.
1343 1413 1380 1449 1.
1412 1418 1610 1463 receptam
1642 1429 1644 1431 ·

176 1489 322 1521 tuetur.

289 1547 322 1598 §2
361 1550 425 1585 12.
488 1545 620 1596 Tinga
645 1540 785 1583 Turio.
817 1543 923 1583 Flor.
955 1541 1077 1582 Amb.
1105 1548 1141 1583 1.
1183 1543 1276 1598 (hic
1306 1547 1435 1597 siinga
1463 1544 1607 1595 habetg

173 1616 244 1656 sed
270 1632 298 1668 g
326 1614 481 1653 videtur
503 1627 583 1650 esse
599 1627 676 1651 sec.
698 1626 840 1649 manus
852 1609 881 1662 ).
921 1609 1038 1650 Bodl.
1071 1609 1182 1651 Alm.
1213 1611 1329 1651 Voss.
1356 1617 1391 1651 1.
1415 1617 1453 1650 3.
1484 1610 1605 1651 Beru.

175 1682 309 1723 Guelf.
343 1680 481 1732 Camp.
509 1678 616 1719 Jens.
650 1675 773 1725 Tarv,
801 1677 900 1718 Loc.
921 1677 1029 1718 Ven.
1051 1677 1152 1718 Bad.
1266 1678 1430 1733 pergula
1458 1678 1609 1718 habent

173 1753 297 1791 etiam
334 1746 474 1788 Turic.
516 1744 637 1786 Amb.
671 1749 707 1784 1.
746 1744 869 1785 Paris.
901 1751 936 1785 1.
959 1751 998 1785 2.
1023 1751 1060 1785 3.
1100 1745 1269 1799 Camp.;
1319 1745 1425 1785 Flor.
1456 1747 1604 1788 siletur.

261 1833 280 1854 c
309 1824 399 1854 ante
435 1813 670 1852 antecedenti
697 1827 776 1851 om.
810 1810 910 1852 Tur.
934 1812 1041 1852 Flor.
1071 1811 1192 1853 Amb.
1229 1818 1266 1852 1.
1310 1811 1431 1853 Goth.
1471 1811 1605 1854 Guelf.

177 1883 319 1937 Camp.
363 1882 470 1922 Jens.
510 1890 549 1920 et
585 1881 675 1920 edd.
714 1888 877 1932 posterr.
919 1888 1010 1918 aute
1048 1878 1236 1920 Badimn.
1350 1880 1526 1932 Bletie05
1562 1883 1607 1920 in

172 1952 252 1991 hoc
280 1952 443 1989 nomine
472 1951 646 1987 maxime
675 1949 830 1987 variant
862 1949 974 1997 libri,
1013 1948 1082 1986 sed
1109 1949 1169 1986 nil
1195 1950 1271 1986 nisi
1300 1962 1445 1986 errores
1473 1950 1607 1987 mani-

173 2021 291 2058 festos
320 2018 560 2070 praeferunt.
593 2012 721 2053 ¹Amb.
757 2016 795 2053 1.
836 2016 891 2052 ita
916 2016 1035 2065 legit:
1078 2018 1262 2054 mciii-co
1293 2014 1386 2067 (ubi
1412 2024 1606 2068 punctum

172 2087 423 2132 notavimus,
463 2084 596 2121 littera
624 2095 706 2119 una
735 2083 870 2120 abrasa
897 2089 975 2130 θεῖς
1017 2083 1172 2120 litterae
1200 2098 1242 2121 eo
1262 2091 1355 2121 sunt
1374 2097 1451 2122 sec.
1474 2082 1604 2136 man.)

173 2163 210 2192 et
248 2150 470 2206 (secundae
507 2163 648 2188 manus
691 2151 812 2188 etiam
849 2148 974 2201 haec)
995 2147 1154 2203 functio
1184 2164 1226 2187 eo
1256 2146 1325 2200 (ut
1354 2146 1508 2199 Guelf.;
1559 2165 1603 2188 eo

172 2236 250 2261 sec.
281 2218 389 2271 m.)‚
430 2217 538 2256 unde
568 2218 774 2266 conjicias,
824 2215 932 2254 hunc
960 2217 1109 2253 librum
1137 2215 1352 2270 aliquando
1387 2217 1603 2269 scripturae

173 2286 471 2329 Obrechtianae
497 2286 650 2324 favisse.
695 2282 872 2339 fzffcctio
904 2297 946 2321 eo
971 2279 1111 2322 Turic.

286 2356 322 2407 §.
358 2356 424 2392 13.
486 2351 789 2390 Thur-somenam
816 2367 891 2404 pro
924 2349 1201 2389 Thrasumcno.
1260 2348 1484 2402 Spaldingii
1507 2365 1600 2389 sen-

172 2425 320 2463 tentiae
357 2420 642 2472 suffragantur:
689 2415 827 2457 Turio.
869 2418 1180 2455 trasumiennium
1220 2433 1262 2471 p.
1312 2419 1602 2458 tarsumiennio.

172 2488 281 2528 Flor.
313 2487 608 2526 trasumicnnum
633 2501 675 2540 p.
706 2485 975 2524 tar-sumienno.
1021 2481 1143 2523 Amb.
1167 2488 1203 2523 1.
1233 2499 1255 2523 a
1277 2499 1336 2537 pr.
1357 2500 1413 2524 m.
1445 2495 1600 2524 transu-

173 2572 322 2595 menum
345 2572 385 2608 p.
416 2552 648 2591 thusum-no.
708 2551 917 2604 Optimam
942 2552 1174 2603 scripturam
1203 2554 1364 2604 praebet
1390 2549 1509 2591 Amb.
1538 2557 1595 2602 1.,

173 2624 218 2660 in
246 2623 354 2671 cujus
381 2622 556 2672 margine
593 2622 642 2659 ab
675 2621 839 2673 antiqua
874 2616 1072 2670 (nescias,
1107 2633 1206 2656 num
1233 2621 1288 2670 is,
1321 2621 1393 2674 qui
1418 2619 1594 2658 codicem

174 2690 366 2740 contulit,
411 2687 578 2726 eandem
624 2699 791 2727 manum
826 2686 1043 2738 significare
1081 2687 1273 2737 voluerit,
1324 2700 1427 2741 quae
1463 2687 1593 2739 priora
