1775 3091
384 240 437 280 ml
469 239 631 294 Quintil.
664 237 796 279 Instie.
833 235 933 288 ῙἿῙ,
969 241 1004 277 1,
1037 237 1071 289 ξ.
1102 238 1268 275 1-17,
1466 236 1546 274 357

97 355 317 409 appendice
337 355 704 395 dissertatittnculae
727 351 839 392 Halis
867 365 904 390 a.
932 354 1037 391 1818
1052 350 1109 389 'de
1130 355 1366 402 arg-[uncum
1386 346 1546 387 theolo-

96 426 184 474 gico
213 425 456 476 conscriptae
484 425 558 462 sibi
589 437 628 475 p.
656 425 708 462 25
737 421 833 459 dicit
861 419 1080 472 legendum
1111 417 1235 458 videri
1266 415 1362 470 quid
1375 417 1546 469 primam

96 493 356 543 quaestionem
378 490 540 547 facim,
580 491 672 528 satis
702 495 837 540 aperta
864 489 1085 537 sententia,
1127 498 1230 540 quae
1259 492 1396 523 tamen
1425 485 1546 522 etiam

97 559 264 597 efficitur
278 590 288 608 ‚
330 561 363 597 si
381 559 578 610 scripseris
606 571 704 610 quae
720 557 852 608 prima
874 555 1044 607 quaestio
1054 551 1183 607 fiat.]

206 650 241 699 §.
274 652 313 688 9.
372 645 479 687 Flor.
511 655 550 685 et
578 644 703 684 Amb.
728 650 763 685 1.
791 646 888 683 item
916 641 1168 682 occidendum
1195 653 1230 681 et
1255 640 1323 682 Cn.
1349 639 1545 680 Uarenum

95 712 373 753 vulnerandum
410 724 445 752 et
484 713 686 753 Salarium
722 711 854 765 (Flor.
885 708 1112 765 Solarium)
1149 713 1239 749 ilem
1279 707 1544 749 occidendum.

94 779 206 820 Tum
233 780 358 822 Amb.
385 786 421 821 1.
455 798 524 821 ca.
541 813 549 822 .
581 785 636 821 ita
666 789 711 820 ut
735 783 824 820 finis
857 781 1042 819 vocabuli
1070 780 1113 816 in
1143 780 1263 819 litura
1291 778 1354 816 sit.
1415 773 1544 829 [Inde

95 851 137 887 fit
157 852 493 889 verisimillimum
514 851 666 888 curavit
688 864 709 888 a
732 845 989 898 Quintiliano
1010 848 1200 898 scriptum
1220 841 1350 896 esse.]
1437 840 1548 883 aliud

92 918 187 967 jure.
244 915 371 956 Amb.
395 923 432 957 1.
464 927 501 956 et
531 916 637 957 Flor.
671 915 780 956 aliud
801 932 825 955 α
847 918 958 968 jure,
998 914 1107 968 quod
1131 914 1268 966 probo.

211 1007 244 1057 §.
279 1013 343 1047 10.
404 1009 535 1060 agenti
553 1017 607 1045 est
628 1005 920 1061 dispiciendum.
981 1004 1091 1043 Flor.
1114 1014 1149 1041 et
1176 1001 1317 1056 agendi
1346 1000 1549 1054 (lispitien-

98 1074 202 1114 (lum.
320 1074 373 1113 cul
393 1086 577 1115 actorem.
633 1073 741 1114 Flor.
774 1089 796 1114 a
820 1089 879 1127 pr.
901 1088 956 1113 m.
989 1071 1042 1112 acl
1062 1070 1271 1110 doctorem.
1389 1067 1549 1107 Cicero-

99 1159 182 1181 nem
212 1153 374 1183 secutus.
433 1141 642 1183 Omittunt
671 1152 749 1192 cst,
796 1141 906 1195 quod
934 1142 1054 1192 vulgo
1085 1140 1376 1191 interponitur,
1427 1137 1550 1174 etiam

97 1210 204 1250 Flor.
238 1220 277 1250 et
303 1209 428 1250 Amb.
455 1216 493 1250 1.
608 1209 748 1249 medio.
795 1208 905 1248 Flor.
938 1217 977 1247 et
1004 1207 1130 1247 Amb.
1163 1211 1198 1246 1.
1227 1204 1383 1256 medict5
1427 1202 1550 1242 iidem

99 1287 185 1330 post
207 1294 356 1317 summa
378 1294 447 1331 pro
471 1294 631 1317 summo.

215 1370 250 1418 §.
285 1374 351 1408 11.
411 1368 627 1407 ffllzzcrsior.
686 1366 753 1408 Sic
776 1381 867 1405 cum
890 1364 1028 1419 Calnp.
1090 1363 1302 1404 Pottierius
1327 1360 1449 1400 tradit
1477 1372 1552 1398 ex-

99 1435 236 1475 hibere
263 1435 386 1476 Paris.
423 1441 460 1475 1.
518 1434 553 1474 E
584 1434 692 1474 Flor.
723 1443 762 1473 et
788 1433 916 1474 Amb.
939 1439 980 1472 1..
1008 1432 1115 1471 nihil
1149 1438 1377 1478 enotatum,
1417 1431 1551 1480 itaque

97 1512 202 1543 stant
226 1518 297 1557 pro
320 1505 481 1555 vulgata
501 1505 690 1541 aversior.
806 1516 911 1539 vana
937 1517 1031 1540 esse.
1091 1498 1198 1539 Flor.
1229 1514 1309 1537 esse
1332 1511 1450 1535 vana.

212 1583 250 1632 §.
285 1587 349 1622 12.
406 1580 617 1636 purganda
644 1582 763 1621 etiam
786 1583 829 1618 in
849 1578 955 1619 Flor.
986 1594 1037 1618 ex
1058 1579 1326 1625 correctione,
1370 1590 1414 1614 ac
1437 1572 1552 1614 vide-

98 1657 161 1688 tur
185 1653 229 1688 in
257 1649 383 1688 Amb.
407 1655 443 1688 1.
465 1651 584 1688 fuisse
599 1680 609 1698 ,
650 1663 701 1686 ex
731 1662 811 1701 quo
831 1647 937 1684 nihil
960 1655 1158 1685 enotatur.

212 1730 248 1778 ξ.
282 1733 346 1768 12.
407 1739 460 1766 cst
491 1743 616 1765 unum.
677 1724 887 1766 Omittunt
918 1740 970 1762 cm
1002 1727 1123 1762 etiam
1152 1722 1262 1762 Flor.
1294 1732 1332 1762 et
1359 1721 1486 1761 Amb.
1513 1724 1551 1760 1.

101 1790 232 1832 Iidem
263 1803 350 1846 post
380 1796 459 1832 iam
488 1810 558 1846 pro
587 1809 659 1843 an,
696 1796 780 1831 iure
810 1790 964 1844 (Amb.
997 1795 1034 1830 1.
1071 1791 1236 1844 quidem
1265 1805 1286 1828 a
1314 1805 1392 1829 sec.
1427 1802 1553 1827 manu

103 1875 220 1913 super
241 1858 426 1910 versum)
456 1876 526 1914 pro
556 1863 596 1899 ἰη
625 1877 687 1911 re,
729 1860 902 1913 denique
932 1862 970 1896 si
999 1860 1146 1911 scripio
1177 1872 1248 1910 pro
1276 1859 1311 1894 si
1332 1859 1369 1894 in
1389 1857 1550 1908 scripto.

189 1944 239 1966 an
270 1927 317 1965 de
351 1927 497 1968 volunt.
563 1927 672 1967 Flor.
714 1943 762 1966 ac
801 1927 846 1965 de
875 1926 952 1965 vol.
1026 1924 1091 1964 Ex
1120 1924 1247 1964 Amb.
1282 1930 1320 1964 1.
1358 1923 1464 1962 nihil
1501 1923 1551 1960 ab

105 1994 301 2035 Obrecht.
323 1998 495 2035 lectione
515 1996 716 2035 diversum
736 2003 910 2034 notatur.

217 2075 254 2124 §.
288 2074 353 2114 14.
420 2074 472 2112 Ut
505 2074 636 2114 Pater.
703 2073 811 2114 Flor.
852 2083 893 2111 ut
924 2083 1079 2126 putam,
1135 2070 1259 2111 Ajnb.
1295 2076 1331 2110 1.
1369 2079 1411 2109 ut
1439 2077 1551 2122 puta,

106 2141 215 2195 quod
240 2156 380 2180 verum
406 2143 564 2183 videtur
589 2145 682 2196 quia
710 2143 837 2195 patris
855 2143 966 2180 notio
988 2141 1104 2178 facile
1123 2141 1342 2192 suppletur.
1455 2150 1552 2189 pro-

103 2211 267 2262 pinquae
287 2211 406 2248 etiam
421 2208 545 2249 Amb.
572 2215 633 2260 1.,
666 2209 768 2248 Flor.
789 2211 940 2248 siletur.
989 2206 1114 2246 Paris.
1141 2211 1178 2246 1.
1202 2212 1241 2246 2.
1264 2208 1437 2245 retinent
1456 2218 1553 2257 pro-

103 2278 250 2330 pinqui.
365 2275 513 2316 ducere.
561 2274 665 2316 Item
684 2275 812 2317 Amb.
834 2280 872 2315 1.
906 2285 945 2315 et
964 2274 1072 2314 Flor.
1095 2274 1292 2314 deducere.

219 2356 254 2406 ξ.
288 2359 354 2395 15.
413 2357 521 2395 circa
543 2372 652 2410 quac.
701 2354 830 2394 Amb.
857 2360 894 2394 1.
921 2356 1031 2394 circa
1052 2353 1168 2408 quod.
1220 2353 1329 2393 Flor.
1354 2352 1503 2392 siletur.

218 2437 255 2486 §0
288 2437 353 2472 16.
412 2432 683 2473 ordinandum.
724 2433 848 2473 Ajnb.
873 2438 910 2473 1.
932 2431 1226 2472 aestimandum.
1340 2446 1415 2468 non
1435 2427 1549 2467 idem.

107 2500 229 2541 Amb.
243 2506 280 2540 1.
303 2517 377 2540 non
396 2500 545 2554 quidem
566 2500 651 2554 (sed
669 2504 775 2554 prius
794 2504 956 2540 fortasse
977 2499 1112 2553 idem).
1209 2498 1398 2554 quodque.
1424 2494 1549 2535 Amb.

111 2574 128 2607 1
140 2598 149 2608 .
166 2578 204 2608 et
219 2567 327 2608 Flor.
340 2567 456 2622 quod.
545 2571 716 2607 concessi
735 2566 962 2622 aliquando,
993 2567 1118 2606 Amb.
1135 2573 1172 2607 1.
1189 2567 1408 2618 interponit
1423 2577 1549 2616 posse.

224 2647 260 2696 ξ.
305 2650 369 2686 17.
441 2663 587 2700 semper
635 2663 815 2687 cresccre.
895 2661 1138 2701 percrcscerc
1189 2644 1311 2686 Paris.
1354 2647 1392 2683 1.
1441 2639 1551 2680 Flor.

110 2712 231 2753 Amb.
255 2719 290 2753 1.
