1775 3091
163 228 242 264 388
600 219 871 277 Supplcmenta
900 220 1164 260 annotationis

277 338 312 391 ᾧ.
337 339 405 379 58.
462 333 610 375 dicunt.
655 333 782 375 Amb.
810 338 849 375 1.
876 332 1027 373 dicant.

277 428 314 479 §.
346 430 412 469 59.
472 427 674 466 circuitum
695 422 910 478 eloquendi.
947 421 1073 463 Amb.
1099 427 1136 462 1.
1161 424 1378 476 interponit
1397 423 1605 463 commode

165 493 370 550 quendam.

276 586 312 637 §.
344 588 412 623 61.
469 591 571 621 orat.
611 591 693 636 apt.
750 579 877 621 Amb.
919 586 955 620 1.
1005 583 1162 621 inverso
1203 582 1416 622 verborum
1452 581 1608 621 ordine.

167 651 276 691 Tum
303 651 410 690 idem
439 663 571 687 verum
599 648 673 688 Ῐιοσ
702 658 744 687 ut
771 647 917 689 decere.

1131 714 1175 744 wi

277 741 314 793 ξ.
346 739 413 779 64.
459 737 606 795 facere
626 754 720 793 exp.
759 736 884 778 Ajnb.
907 736 1114 794 1-faccret
1130 762 1168 768 —
1189 740 1454 792 ‘experiretwn
1497 736 1610 778 Scri-

166 810 343 849 bendum
364 821 504 847 censeo
525 822 637 861 quam
658 804 763 861 quod
780 829 836 836 —-
856 808 1121 860 experiretur,
1154 807 1209 845 sic
1229 808 1312 844 fere
1337 808 1457 845 verba
1476 808 1610 858 expli-

167 891 284 917 cans:
319 890 451 929 neque
475 875 526 913 ad
546 877 667 913 aliam
688 889 774 913 rem
804 873 919 914 Plato
949 876 1019 913 illa
1049 881 1237 928 quattuor
1271 875 1392 912 verba
1427 875 1609 926 plurimis

164 944 292 983 modis
328 944 560 993 collocavit,
609 956 730 996 quam
773 942 880 996 quod
915 943 1180 994 experiretur,
1235 941 1416 980 ordinem
1451 954 1610 994 quoque

164 1013 398 1061 verborum,
435 1025 519 1049 11011
546 1012 678 1048 solmn
708 1010 929 1057 delectum,
970 1012 1148 1048 maxime
1169 1011 1368 1063 pertinere
1389 1008 1440 1046 ad
1462 1009 1612 1046 oratio-

162 1081 225 1118 nis
245 1081 499 1131 elegantiam.
545 1076 635 1117 Par.
659 1081 697 1117 1.
723 1093 838 1131 quam
866 1093 947 1115 eum
968 1093 1115 1132 quoque
1132 1078 1310 1116 maxime
1318 1074 1496 1132 faceret.

275 1169 311 1221 ξ.
341 1172 407 1209 65.
466 1182 553 1206 cum
572 1165 720 1205 duobus
743 1166 885 1205 verbi&
920 1164 1046 1206 Amb.
1072 1172 1108 1207 1.
1133 1183 1218 1206 cum
1237 1168 1276 1204 in
1296 1163 1457 1205 duobus.
1495 1162 1610 1204 Ideln

163 1236 335 1275 trahitur
371 1234 547 1287 longiu8‚
603 1234 713 1288 quod
743 1248 883 1273 verum
915 1234 1095 1284 videtur,
1148 1249 1223 1274 nec
1263 1235 1456 1286 scriptura
1493 1230 1609 1272 Alm.

163 1303 309 1343 codicis
329 1303 509 1342 dissentit
531 1303 610 1341 nisi
629 1316 758 1341 errore
777 1301 1131 1356 typographorum.
1236 1312 1279 1342 ut
1299 1301 1439 1341 Anim.
1487 1297 1612 1340 Deest

162 1380 204 1409 ut
232 1373 276 1408 iu
303 1368 429 1409 Amb.
455 1373 494 1408 1.

275 1459 314 1509 §.
351 1461 418 1497 66.
477 1456 708 1496 divisionem
738 1455 826 1513 fac.
866 1468 901 1496 et
937 1468 1110 1510 transgr.
1173 1456 1300 1499 Amb.
1341 1463 1381 1498 1.
1422 1458 1612 1498 divisione

149 1525 316 1584 faciunt
346 1526 711 1578 transgressionem,
761 1526 926 1578 optime.
981 1526 1158 1578 Reliqua
1182 1528 1239 1565 sio
1269 1523 1432 1565 exhibet
1458 1526 1609 1565 codexz
1654 1517 1657 1520 ¹

161 1594 220 1633 At
251 1592 294 1632 id
316 1592 470 1646 quidem
485 1602 645 1646 propter
665 1591 769 1646 quod
784 1592 867 1636 dici
885 1602 1019 1645 tropus
1036 1594 1101 1632 sit.

277 1682 316 1733 §.
349 1686 415 1722 67.
473 1679 587 1719 multi
610 1681 889 1719 narrationem.
936 1678 1095 1719 Locum
1114 1683 1314 1733 praeclare
1333 1684 1502 1722 restituit
1519 1683 1610 1723 cod.

160 1747 287 1790 Amb.
323 1753 388 1789 1.:
429 1748 531 1788 sicut
557 1747 669 1786 multi
698 1749 991 1788 emistimarunt.
1050 1746 1200 1800 Longis
1235 1758 1361 1787 autem
1388 1749 1612 1804 hyperbatis

162 1828 197 1856 ct
246 1815 442 1872 corfitsiS,
501 1832 600 1869 quae
638 1816 739 1854 vitia
774 1814 958 1855 accidunt
1000 1814 1120 1869 (fort.
1161 1808 1372 1870 decidant)
1412 1833 1482 1857 suo
1524 1817 1612 1868 loco

162 1883 355 1923 discimus.
469 1883 541 1922 Est
573 1882 669 1922 Ῐιαεο
696 1882 832 1923 decens
860 1885 956 1923 veri.
1012 1881 1138 1922 Amb.
1174 1888 1211 1923 1.
1254 1883 1327 1922 Est
1356 1895 1482 1923 autem
1513 1885 1610 1925 lmec

162 1952 418 2000 demensuris,
465 1951 536 1991 sed
564 1965 611 1989 ea
634 1952 755 1991 verba
788 1965 915 2005 usque
942 1950 995 1990 ad
1021 1952 1209 1989 mensuris
1235 1953 1385 1990 lineola
1414 1953 1610 1992 subducta

161 2027 367 2059 notantur.

275 2099 314 2148 §.
346 2101 412 2137 68.
470 2093 565 2136 Post
584 2094 749 2135 dicimus
767 2094 893 2136 Amb.
918 2100 957 2136 1.
981 2097 1115 2149 adjicit
1134 2106 1197 2146 ut,
1243 2097 1342 2137 item
1361 2105 1450 2150 post
1471 2095 1610 2152 imple-

159 2167 217 2205 vit
250 2165 371 2204 habet
395 2173 445 2204 et.

272 2243 310 2296 §.
340 2247 410 2284 71.
469 2240 636 2282 Pindari
666 2254 817 2282 nomen
849 2244 1031 2282 omittere
1063 2239 1188 2281 Amb.
1219 2246 1254 2281 1.
1283 2244 1463 2295 videtur,
1502 2243 1610 2285 nihil

162 2313 272 2350 enim
292 2312 338 2349 ab
363 2308 638 2350 Obrechtiana
658 2311 852 2363 scriptura
878 2310 1079 2350 diversmn
1100 2319 1359 2351 memoratur.

273 2404 310 2453 §.
341 2405 409 2439 72.
469 2397 675 2439 intervallo
696 2415 785 2438 non.
836 2395 1061 2452 Interpouit
1090 2398 1214 2440 Aan.
1243 2404 1282 2440 1.
1304 2410 1443 2442 autem.
1492 2398 1607 2441 Idem

164 2476 203 2507 et
224 2470 307 2521 ipse
327 2465 521 2521 quoddam
543 2482 696 2507 novum.

272 2560 309 2609 §.
340 2561 409 2596 73.
470 2555 522 2594 Et
542 2554 659 2609 quod.
707 2553 832 2595 Amb.
855 2559 892 2595 1.
921 2556 1026 2610 quod
1051 2567 1100 2596 et.
1218 2555 1355 2597 Varro
1371 2560 1601 2612 ——possim.

161 2622 286 2664 Amb.
311 2628 346 2662 1.
372 2621 491 2662 Vetto
518 2647 575 2653 —-
601 2625 741 2677 possit.
802 2619 927 2662 Vecto
957 2623 1082 2664 Paris.
1108 2624 1148 2664 4.
1173 2627 1211 2665 5.
1275 2622 1383 2665 Vero
1416 2624 1539 2665 Paris.
1563 2629 1600 2664 1.

162 2686 210 2727 In
230 2691 353 2728 altero
373 2704 488 2730 versu
508 2693 657 2730 omittit
674 2689 799 2730 Amb.
821 2704 938 2731 voces
968 2701 1096 2731 tamen
1120 2700 1160 2731 et
1182 2709 1270 2747 qua.
