<?xml version="1.0" encoding="UTF-8"?>
<!DOCTYPE html PUBLIC "-//W3C//DTD XHTML 1.0 Transitional//EN"
    "http://www.w3.org/TR/xhtml1/DTD/xhtml1-transitional.dtd">
<html xmlns="http://www.w3.org/1999/xhtml" xml:lang="en" lang="en">
 <head>
  <title>
</title>
<meta http-equiv="Content-Type" content="text/html;charset=utf-8" />
  <meta name='ocr-system' content='tesseract 3.04.00' />
  <meta name='ocr-capabilities' content='ocr_page ocr_carea ocr_par ocr_line ocrx_word'/>
</head>
<body>
  <div class='ocr_page' id='page_1' title='image "./lexiconquintilia05bonnuoft_0244.png"; bbox 0 0 1775 3091; ppageno 0'>
   <div class='ocr_carea' id='block_1_1' title="bbox 206 216 1199 275">
    <p class='ocr_par' dir='ltr' id='par_1_1' title="bbox 206 216 1199 275">
     <span class='ocr_line' id='line_1_1' title="bbox 206 216 1199 275; baseline 0.003 -17"><span class='ocrx_word' id='word_1_1' title='bbox 206 221 286 258; x_wconf 85' lang='lat'><em>200</em></span> <span class='ocrx_word' id='word_1_2' title='bbox 391 221 397 223; x_wconf 72' lang='grc'><em>“</em></span> <span class='ocrx_word' id='word_1_3' title='bbox 644 216 916 275; x_wconf 72' lang='lat' dir='ltr'><em>supplementa</em></span> <span class='ocrx_word' id='word_1_4' title='bbox 940 221 1199 261; x_wconf 66' lang='lat' dir='ltr'><strong><em>annotationis</em></strong></span> 
     </span>
    </p>
   </div>
   <div class='ocr_carea' id='block_1_2' title="bbox 204 330 1641 384">
    <p class='ocr_par' dir='ltr' id='par_1_2' title="bbox 204 330 1641 384">
     <span class='ocr_line' id='line_1_2' title="bbox 204 330 1641 384; baseline 0.007 -17"><span class='ocrx_word' id='word_1_5' title='bbox 204 336 298 368; x_wconf 88' lang='lat' dir='ltr'><em>tunt</em></span> <span class='ocrx_word' id='word_1_6' title='bbox 348 344 437 369; x_wconf 86' lang='lat' dir='ltr'><em>non.</em></span> <span class='ocrx_word' id='word_1_7' title='bbox 524 332 638 370; x_wconf 75' lang='lat' dir='ltr'><em>etiam</em></span> <span class='ocrx_word' id='word_1_8' title='bbox 658 341 785 370; x_wconf 77' lang='lat' dir='ltr'><em>tamen</em></span> <span class='ocrx_word' id='word_1_9' title='bbox 803 347 955 384; x_wconf 79' lang='lat' dir='ltr'><em>argum.</em></span> <span class='ocrx_word' id='word_1_10' title='bbox 1006 330 1075 373; x_wconf 79' lang='lat' dir='ltr'><em>Sic</em></span> <span class='ocrx_word' id='word_1_11' title='bbox 1093 333 1215 372; x_wconf 84' lang='lat' dir='ltr'><em>etiam</em></span> <span class='ocrx_word' id='word_1_12' title='bbox 1241 331 1349 374; x_wconf 90' lang='lat' dir='ltr'><strong>Flor.</strong></span> <span class='ocrx_word' id='word_1_13' title='bbox 1371 331 1487 375; x_wconf 80' lang='lat' dir='ltr'><em>Alm.</em></span> <span class='ocrx_word' id='word_1_14' title='bbox 1515 333 1641 377; x_wconf 83' lang='lat' dir='ltr'><em>Amb.</em></span> 
     </span>
    </p>
   </div>
   <div class='ocr_carea' id='block_1_3' title="bbox 207 395 1641 444">
    <p class='ocr_par' dir='ltr' id='par_1_3' title="bbox 207 395 1641 444">
     <span class='ocr_line' id='line_1_3' title="bbox 207 395 1641 444; baseline 0.004 -7"><span class='ocrx_word' id='word_1_15' title='bbox 207 401 249 437; x_wconf 88' lang='grc'><em>2.</em></span> <span class='ocrx_word' id='word_1_16' title='bbox 291 395 382 438; x_wconf 74' lang='lat' dir='ltr'><em>Par.</em></span> <span class='ocrx_word' id='word_1_17' title='bbox 415 401 454 437; x_wconf 91' lang='lat'><em>1.</em></span> <span class='ocrx_word' id='word_1_18' title='bbox 482 403 521 439; x_wconf 86' lang='lat'><em>2.</em></span> <span class='ocrx_word' id='word_1_19' title='bbox 555 403 593 437; x_wconf 88' lang='lat'><em>3.</em></span> <span class='ocrx_word' id='word_1_20' title='bbox 643 399 732 437; x_wconf 84' lang='lat' dir='ltr'><em>edd.</em></span> <span class='ocrx_word' id='word_1_21' title='bbox 773 407 863 439; x_wconf 81' lang='lat' dir='ltr'><em>ante</em></span> <span class='ocrx_word' id='word_1_22' title='bbox 907 399 1018 440; x_wconf 87' lang='lat' dir='ltr'><em>Sich.</em></span> <span class='ocrx_word' id='word_1_23' title='bbox 1173 410 1314 441; x_wconf 80' lang='lat' dir='ltr'><em>tumor.</em></span> <span class='ocrx_word' id='word_1_24' title='bbox 1356 400 1494 443; x_wconf 80' lang='lat' dir='ltr'><em>Turio.</em></span> <span class='ocrx_word' id='word_1_25' title='bbox 1533 401 1641 444; x_wconf 87' lang='lat' dir='ltr'>Flor.</span> 
     </span>
    </p>
   </div>
   <div class='ocr_carea' id='block_1_4' title="bbox 209 461 1646 523">
    <p class='ocr_par' dir='ltr' id='par_1_4' title="bbox 209 461 1646 523">
     <span class='ocr_line' id='line_1_4' title="bbox 209 461 1646 523; baseline 0.004 -22"><span class='ocrx_word' id='word_1_26' title='bbox 209 461 395 518; x_wconf 80' lang='lat' dir='ltr'><em>(uterque</em></span> <span class='ocrx_word' id='word_1_27' title='bbox 425 479 448 503; x_wconf 86' lang='lat' dir='ltr'><em>a</em></span> <span class='ocrx_word' id='word_1_28' title='bbox 475 480 535 517; x_wconf 85' lang='lat' dir='ltr'><em>pr.</em></span> <span class='ocrx_word' id='word_1_29' title='bbox 554 463 631 518; x_wconf 86' lang='lat' dir='ltr'><em>m.)</em></span> <span class='ocrx_word' id='word_1_30' title='bbox 685 467 813 506; x_wconf 83' lang='lat' dir='ltr'><em>timor.</em></span> <span class='ocrx_word' id='word_1_31' title='bbox 907 466 1124 523; x_wconf 75' lang='lat' dir='ltr'><strong><em>confestim.</em></strong></span> <span class='ocrx_word' id='word_1_32' title='bbox 1183 465 1318 508; x_wconf 87' lang='lat' dir='ltr'><em>Guelf.</em></span> <span class='ocrx_word' id='word_1_33' title='bbox 1348 471 1494 509; x_wconf 81' lang='lat' dir='ltr'><em>statim.</em></span> <span class='ocrx_word' id='word_1_34' title='bbox 1521 512 1523 515; x_wconf 63' lang='grc'><strong>,</strong></span> <span class='ocrx_word' id='word_1_35' title='bbox 1582 471 1646 508; x_wconf 85' lang='lat' dir='ltr'><em>in-</em></span> 
     </span>
    </p>
   </div>
   <div class='ocr_carea' id='block_1_5' title="bbox 209 530 1646 652">
    <p class='ocr_par' dir='ltr' id='par_1_5' title="bbox 209 530 1646 652">
     <span class='ocr_line' id='line_1_5' title="bbox 209 530 1646 576; baseline 0.005 -8"><span class='ocrx_word' id='word_1_36' title='bbox 209 541 373 570; x_wconf 78' lang='lat' dir='ltr'><em>secutus.</em></span> <span class='ocrx_word' id='word_1_37' title='bbox 434 530 500 571; x_wconf 79' lang='lat' dir='ltr'><em>Sic</em></span> <span class='ocrx_word' id='word_1_38' title='bbox 539 534 659 570; x_wconf 82' lang='lat' dir='ltr'><em>etiam</em></span> <span class='ocrx_word' id='word_1_39' title='bbox 696 548 748 571; x_wconf 81' lang='lat' dir='ltr'><em>ex</em></span> <span class='ocrx_word' id='word_1_40' title='bbox 787 534 876 574; x_wconf 80' lang='lat' dir='ltr'><em>edd.</em></span> <span class='ocrx_word' id='word_1_41' title='bbox 912 544 1003 576; x_wconf 84' lang='lat' dir='ltr'><em>aute</em></span> <span class='ocrx_word' id='word_1_42' title='bbox 1041 534 1166 576; x_wconf 85' lang='lat' dir='ltr'><em>Basil.</em></span> <span class='ocrx_word' id='word_1_43' title='bbox 1207 534 1360 576; x_wconf 80' lang='lat' dir='ltr'><em>Cervic.</em></span> <span class='ocrx_word' id='word_1_44' title='bbox 1420 547 1646 576; x_wconf 83' lang='lat' dir='ltr'><em>consecutus</em></span> 
     </span>
     <span class='ocr_line' id='line_1_6' title="bbox 215 597 751 652; baseline 0.007 -16"><span class='ocrx_word' id='word_1_45' title='bbox 215 597 380 637; x_wconf 77' lang='lat' dir='ltr'>exhibet</span> <span class='ocrx_word' id='word_1_46' title='bbox 407 612 564 652; x_wconf 83' lang='lat' dir='ltr'>quoque</span> <span class='ocrx_word' id='word_1_47' title='bbox 592 598 682 639; x_wconf 76' lang='lat' dir='ltr'><em>Par.</em></span> <span class='ocrx_word' id='word_1_48' title='bbox 713 604 751 640; x_wconf 83' lang='lat'><em>1.</em></span> 
     </span>
    </p>
   </div>
   <div class='ocr_carea' id='block_1_6' title="bbox 217 676 1649 802">
    <p class='ocr_par' dir='ltr' id='par_1_6' title="bbox 217 676 1649 802">
     <span class='ocr_line' id='line_1_7' title="bbox 326 676 1647 727; baseline 0.008 -14"><span class='ocrx_word' id='word_1_49' title='bbox 326 677 359 727; x_wconf 58' lang='grc' dir='ltr'><strong>ξ.</strong></span> <span class='ocrx_word' id='word_1_50' title='bbox 394 681 457 715; x_wconf 87' lang='grc'><em>55.</em></span> <span class='ocrx_word' id='word_1_51' title='bbox 515 692 614 718; x_wconf 87' lang='lat' dir='ltr'><em>arm.</em></span> <span class='ocrx_word' id='word_1_52' title='bbox 650 676 825 717; x_wconf 83' lang='lat' dir='ltr'><em>solicitus</em></span> <span class='ocrx_word' id='word_1_53' title='bbox 865 689 1016 720; x_wconf 81' lang='lat' dir='ltr'><em>contra.</em></span> <span class='ocrx_word' id='word_1_54' title='bbox 1080 681 1225 723; x_wconf 80' lang='lat' dir='ltr'><em>Omitt.</em></span> <span class='ocrx_word' id='word_1_55' title='bbox 1266 684 1384 722; x_wconf 78' lang='lat' dir='ltr'><em>etiam</em></span> <span class='ocrx_word' id='word_1_56' title='bbox 1413 680 1486 722; x_wconf 78' lang='lat' dir='ltr'><em>sol.</em></span> <span class='ocrx_word' id='word_1_57' title='bbox 1520 680 1647 724; x_wconf 83' lang='lat' dir='ltr'><em>Amb.</em></span> 
     </span>
     <span class='ocr_line' id='line_1_8' title="bbox 217 741 1649 802; baseline 0.004 -19"><span class='ocrx_word' id='word_1_58' title='bbox 217 748 255 783; x_wconf 88' lang='lat'><em>1.</em></span> <span class='ocrx_word' id='word_1_59' title='bbox 286 747 324 782; x_wconf 80' lang='lat'><em>2.</em></span> <span class='ocrx_word' id='word_1_60' title='bbox 355 742 462 783; x_wconf 79' lang='lat' dir='ltr'><em>Flor.</em></span> <span class='ocrx_word' id='word_1_61' title='bbox 490 741 581 793; x_wconf 64' lang='lat' dir='ltr'><em>Par.</em></span> <span class='ocrx_word' id='word_1_62' title='bbox 615 750 652 784; x_wconf 85' lang='grc'><em>1.</em></span> <span class='ocrx_word' id='word_1_63' title='bbox 682 750 722 786; x_wconf 94' lang='grc'><em>2.</em></span> <span class='ocrx_word' id='word_1_64' title='bbox 756 752 793 787; x_wconf 90' lang='grc'><strong>3.</strong></span> <span class='ocrx_word' id='word_1_65' title='bbox 853 747 956 800; x_wconf 83' lang='lat' dir='ltr'><strong>[Nec</strong></span> <span class='ocrx_word' id='word_1_66' title='bbox 994 765 1065 802; x_wconf 87' lang='lat' dir='ltr'><em>per</em></span> <span class='ocrx_word' id='word_1_67' title='bbox 1100 765 1142 789; x_wconf 80' lang='lat' dir='ltr'><em>se</em></span> <span class='ocrx_word' id='word_1_68' title='bbox 1177 749 1372 789; x_wconf 78' lang='lat' dir='ltr'><em>sollicitus</em></span> <span class='ocrx_word' id='word_1_69' title='bbox 1407 750 1565 789; x_wconf 76' lang='lat' dir='ltr'><em>videtur</em></span> <span class='ocrx_word' id='word_1_70' title='bbox 1603 753 1649 789; x_wconf 85' lang='lat' dir='ltr'><em>in</em></span> 
     </span>
    </p>
   </div>
   <div class='ocr_carea' id='block_1_7' title="bbox 215 811 1647 870">
    <p class='ocr_par' dir='ltr' id='par_1_7' title="bbox 215 811 1647 870">
     <span class='ocr_line' id='line_1_9' title="bbox 215 811 1647 870; baseline 0.005 -20"><span class='ocrx_word' id='word_1_71' title='bbox 215 811 424 850; x_wconf 77' lang='lat' dir='ltr'><em>hominem</em></span> <span class='ocrx_word' id='word_1_72' title='bbox 453 815 665 851; x_wconf 73' lang='lat' dir='ltr'><em>convenire</em></span> <span class='ocrx_word' id='word_1_73' title='bbox 696 816 851 854; x_wconf 81' lang='lat' dir='ltr'><em>consilii</em></span> <span class='ocrx_word' id='word_1_74' title='bbox 878 817 984 855; x_wconf 83' lang='lat' dir='ltr'><em>necis</em></span> <span class='ocrx_word' id='word_1_75' title='bbox 1014 818 1298 870; x_wconf 79' lang='lat' dir='ltr'>perpetrandae</span> <span class='ocrx_word' id='word_1_76' title='bbox 1327 820 1402 857; x_wconf 86' lang='lat' dir='ltr'><em>sibi</em></span> <span class='ocrx_word' id='word_1_77' title='bbox 1431 821 1647 869; x_wconf 82' lang='lat' dir='ltr'><em>conscium,</em></span> 
     </span>
    </p>
   </div>
   <div class='ocr_carea' id='block_1_8' title="bbox 215 877 1554 937">
    <p class='ocr_par' dir='ltr' id='par_1_8' title="bbox 215 877 1554 937">
     <span class='ocr_line' id='line_1_10' title="bbox 215 877 1554 937; baseline 0.007 -22"><span class='ocrx_word' id='word_1_78' title='bbox 215 881 355 916; x_wconf 77' lang='lat' dir='ltr'><em>malim</em></span> <span class='ocrx_word' id='word_1_79' title='bbox 382 877 578 917; x_wconf 78' lang='lat' dir='ltr'><em>turbatum</em></span> <span class='ocrx_word' id='word_1_80' title='bbox 606 879 721 932; x_wconf 85' lang='lat' dir='ltr'><em>dici.]</em></span> <span class='ocrx_word' id='word_1_81' title='bbox 819 885 1057 923; x_wconf 82' lang='lat' dir='ltr'><em>narratione.</em></span> <span class='ocrx_word' id='word_1_82' title='bbox 1109 882 1250 937; x_wconf 88' lang='lat' dir='ltr'><em>Camp.</em></span> <span class='ocrx_word' id='word_1_83' title='bbox 1280 886 1554 925; x_wconf 77' lang='lat' dir='ltr'><em>narrationem.</em></span> 
     </span>
    </p>
   </div>
   <div class='ocr_carea' id='block_1_9' title="bbox 217 937 1652 1054">
    <p class='ocr_par' dir='ltr' id='par_1_9' title="bbox 217 937 1652 1054">
     <span class='ocr_line' id='line_1_11' title="bbox 217 937 1652 1002; baseline 0.008 -21"><span class='ocrx_word' id='word_1_84' title='bbox 217 937 482 987; x_wconf 67' lang='lat' dir='ltr'><em>delibabimus.</em></span> <span class='ocrx_word' id='word_1_85' title='bbox 537 945 674 988; x_wconf 71' lang='lat' dir='ltr'><em>Turio.</em></span> <span class='ocrx_word' id='word_1_86' title='bbox 712 962 737 988; x_wconf 85' lang='lat' dir='ltr'><em>a</em></span> <span class='ocrx_word' id='word_1_87' title='bbox 773 963 833 1002; x_wconf 84' lang='lat' dir='ltr'><em>pr.</em></span> <span class='ocrx_word' id='word_1_88' title='bbox 872 964 928 990; x_wconf 87' lang='lat' dir='ltr'><em>m.</em></span> <span class='ocrx_word' id='word_1_89' title='bbox 970 949 1239 992; x_wconf 77' lang='lat' dir='ltr'><em>delibavimus,</em></span> <span class='ocrx_word' id='word_1_90' title='bbox 1307 949 1425 990; x_wconf 85' lang='lat' dir='ltr'><em>Voss.</em></span> <span class='ocrx_word' id='word_1_91' title='bbox 1457 956 1503 992; x_wconf 89' lang='lat'><em>1..</em></span> <span class='ocrx_word' id='word_1_92' title='bbox 1539 949 1652 993; x_wconf 85' lang='lat' dir='ltr'><em>Gibs.</em></span> 
     </span>
     <span class='ocr_line' id='line_1_12' title="bbox 217 1010 528 1054; baseline 0.01 -4"><span class='ocrx_word' id='word_1_93' title='bbox 217 1010 528 1054; x_wconf 68' lang='lat' dir='ltr'><strong><em>deliberabimus,</em></strong></span> 
     </span>
    </p>
   </div>
   <div class='ocr_carea' id='block_1_10' title="bbox 334 1092 1653 1152">
    <p class='ocr_par' dir='ltr' id='par_1_10' title="bbox 334 1092 1653 1152">
     <span class='ocr_line' id='line_1_13' title="bbox 334 1092 1653 1152; baseline 0.006 -22"><span class='ocrx_word' id='word_1_94' title='bbox 334 1092 370 1142; x_wconf 86' lang='lat'><em>§.</em></span> <span class='ocrx_word' id='word_1_95' title='bbox 405 1096 469 1132; x_wconf 84' lang='lat'><em>56.</em></span> <span class='ocrx_word' id='word_1_96' title='bbox 529 1093 601 1142; x_wconf 72' lang='lat' dir='ltr'><em>his,</em></span> <span class='ocrx_word' id='word_1_97' title='bbox 630 1096 758 1135; x_wconf 79' lang='lat' dir='ltr'><em>eiiam.</em></span> <span class='ocrx_word' id='word_1_98' title='bbox 822 1094 944 1136; x_wconf 80' lang='lat' dir='ltr'><em>Goth.</em></span> <span class='ocrx_word' id='word_1_99' title='bbox 976 1098 1025 1136; x_wconf 85' lang='lat' dir='ltr'><em>iis</em></span> <span class='ocrx_word' id='word_1_100' title='bbox 1057 1099 1185 1138; x_wconf 80' lang='lat' dir='ltr'><em>etiam.</em></span> <span class='ocrx_word' id='word_1_101' title='bbox 1217 1094 1346 1150; x_wconf 54' lang='lat' dir='ltr'><em>{Edd.</em></span> <span class='ocrx_word' id='word_1_102' title='bbox 1376 1106 1468 1137; x_wconf 81' lang='lat' dir='ltr'><em>ante</em></span> <span class='ocrx_word' id='word_1_103' title='bbox 1498 1095 1653 1152; x_wconf 84' lang='lat' dir='ltr'><strong>Gryph.</strong></span> 
     </span>
    </p>
   </div>
   <div class='ocr_carea' id='block_1_11' title="bbox 220 1159 1262 1205">
    <p class='ocr_par' dir='ltr' id='par_1_11' title="bbox 220 1159 1262 1205">
     <span class='ocr_line' id='line_1_14' title="bbox 220 1159 1262 1205; baseline 0.007 -8"><span class='ocrx_word' id='word_1_104' title='bbox 220 1174 308 1199; x_wconf 81' lang='lat' dir='ltr'><em>exc.</em></span> <span class='ocrx_word' id='word_1_105' title='bbox 351 1159 461 1200; x_wconf 81' lang='lat' dir='ltr'><em>Sich.</em></span> <span class='ocrx_word' id='word_1_106' title='bbox 501 1164 691 1201; x_wconf 79' lang='lat' dir='ltr'><em>omittunt</em></span> <span class='ocrx_word' id='word_1_107' title='bbox 740 1165 870 1203; x_wconf 82' lang='lat' dir='ltr'><em>ctiam.</em></span> <span class='ocrx_word' id='word_1_108' title='bbox 996 1167 1142 1204; x_wconf 84' lang='lat' dir='ltr'><em>nescire</em></span> <span class='ocrx_word' id='word_1_109' title='bbox 1179 1181 1262 1205; x_wconf 88' lang='lat' dir='ltr'><em>nos.</em></span> 
     </span>
    </p>
   </div>
   <div class='ocr_carea' id='block_1_12' title="bbox 221 1229 1232 1289">
    <p class='ocr_par' dir='ltr' id='par_1_12' title="bbox 221 1229 1232 1289">
     <span class='ocr_line' id='line_1_15' title="bbox 221 1229 1232 1289; baseline 0.008 -24"><span class='ocrx_word' id='word_1_110' title='bbox 221 1242 330 1281; x_wconf 81' lang='lat' dir='ltr'><em>quos.</em></span> <span class='ocrx_word' id='word_1_111' title='bbox 447 1229 636 1283; x_wconf 78' lang='lat' dir='ltr'><em>quomodo</em></span> <span class='ocrx_word' id='word_1_112' title='bbox 661 1229 830 1285; x_wconf 80' lang='lat' dir='ltr'><em>factum.</em></span> <span class='ocrx_word' id='word_1_113' title='bbox 891 1229 994 1272; x_wconf 86' lang='lat' dir='ltr'><em>Bad.</em></span> <span class='ocrx_word' id='word_1_114' title='bbox 1027 1248 1101 1287; x_wconf 83' lang='lat' dir='ltr'><em>quo</em></span> <span class='ocrx_word' id='word_1_115' title='bbox 1118 1231 1232 1289; x_wconf 78' lang='lat' dir='ltr'><em>fact.</em></span> 
     </span>
    </p>
   </div>
   <div class='ocr_carea' id='block_1_13' title="bbox 1330 1163 1656 1206">
    <p class='ocr_par' dir='ltr' id='par_1_13' title="bbox 1330 1163 1656 1206">
     <span class='ocr_line' id='line_1_16' title="bbox 1330 1163 1656 1206; baseline -0.003 -1"><span class='ocrx_word' id='word_1_116' title='bbox 1330 1163 1464 1206; x_wconf 78' lang='lat' dir='ltr'><strong>Guelf.</strong></span> <span class='ocrx_word' id='word_1_117' title='bbox 1510 1168 1656 1205; x_wconf 81' lang='lat' dir='ltr'><em>nescire</em></span> 
     </span>
    </p>
   </div>
   <div class='ocr_carea' id='block_1_14' title="bbox 224 1316 1664 1981">
    <p class='ocr_par' dir='ltr' id='par_1_14' title="bbox 224 1316 1663 1767">
     <span class='ocr_line' id='line_1_17' title="bbox 332 1316 1656 1377; baseline 0.003 -19"><span class='ocrx_word' id='word_1_118' title='bbox 332 1316 368 1369; x_wconf 82' lang='lat'><em>§.</em></span> <span class='ocrx_word' id='word_1_119' title='bbox 411 1322 477 1358; x_wconf 86' lang='lat'><em>57.</em></span> <span class='ocrx_word' id='word_1_120' title='bbox 551 1318 740 1375; x_wconf 76' lang='lat' dir='ltr'><strong><em>Optimae.</em></strong></span> <span class='ocrx_word' id='word_1_121' title='bbox 800 1318 922 1363; x_wconf 87' lang='lat' dir='ltr'><em>Amb.</em></span> <span class='ocrx_word' id='word_1_122' title='bbox 951 1327 991 1362; x_wconf 85' lang='lat'><em>2.</em></span> <span class='ocrx_word' id='word_1_123' title='bbox 1033 1324 1185 1377; x_wconf 81' lang='lat' dir='ltr'><em>optime.</em></span> <span class='ocrx_word' id='word_1_124' title='bbox 1325 1323 1656 1376; x_wconf 80' lang='lat' dir='ltr'><strong><em>praeparationes.</em></strong></span> 
     </span>
     <span class='ocr_line' id='line_1_18' title="bbox 224 1381 1656 1443; baseline 0.005 -20"><span class='ocrx_word' id='word_1_125' title='bbox 224 1381 362 1437; x_wconf 74' lang='lat' dir='ltr'><em>Camp.</em></span> <span class='ocrx_word' id='word_1_126' title='bbox 395 1394 433 1424; x_wconf 83' lang='lat' dir='ltr'><em>et</em></span> <span class='ocrx_word' id='word_1_127' title='bbox 462 1387 551 1426; x_wconf 83' lang='lat' dir='ltr'><em>edd.</em></span> <span class='ocrx_word' id='word_1_128' title='bbox 585 1403 647 1440; x_wconf 85' lang='lat' dir='ltr'><em>ap.</em></span> <span class='ocrx_word' id='word_1_129' title='bbox 678 1387 818 1430; x_wconf 81' lang='lat' dir='ltr'><em>Burm.</em></span> <span class='ocrx_word' id='word_1_130' title='bbox 845 1390 1108 1443; x_wconf 77' lang='lat' dir='ltr'><em>probationes.</em></span> <span class='ocrx_word' id='word_1_131' title='bbox 1223 1388 1422 1430; x_wconf 63' lang='lat' dir='ltr'><em>latuerint.</em></span> <span class='ocrx_word' id='word_1_132' title='bbox 1477 1388 1596 1430; x_wconf 87' lang='lat' dir='ltr'><em>Voss.</em></span> <span class='ocrx_word' id='word_1_133' title='bbox 1617 1394 1656 1430; x_wconf 87' lang='lat'><em>3.</em></span> 
     </span>
     <span class='ocr_line' id='line_1_19' title="bbox 225 1448 1662 1510; baseline 0.004 -21"><span class='ocrx_word' id='word_1_134' title='bbox 225 1448 363 1504; x_wconf 82' lang='lat' dir='ltr'><em>Camp.</em></span> <span class='ocrx_word' id='word_1_135' title='bbox 397 1451 601 1495; x_wconf 79' lang='lat' dir='ltr'><em>latuerunt.</em></span> <span class='ocrx_word' id='word_1_136' title='bbox 718 1467 805 1496; x_wconf 80' lang='lat' dir='ltr'><em>sunt</em></span> <span class='ocrx_word' id='word_1_137' title='bbox 833 1455 985 1510; x_wconf 79' lang='lat' dir='ltr'><em>quidem</em></span> <span class='ocrx_word' id='word_1_138' title='bbox 1016 1456 1233 1498; x_wconf 76' lang='lat' dir='ltr'><em>utilissime.</em></span> <span class='ocrx_word' id='word_1_139' title='bbox 1291 1453 1413 1496; x_wconf 69' lang='lat' dir='ltr'><em>Goth.</em></span> <span class='ocrx_word' id='word_1_140' title='bbox 1455 1454 1541 1510; x_wconf 85' lang='lat' dir='ltr'><em>(sed</em></span> <span class='ocrx_word' id='word_1_141' title='bbox 1578 1459 1662 1496; x_wconf 82' lang='lat' dir='ltr'>for-</span> 
     </span>
     <span class='ocr_line' id='line_1_20' title="bbox 230 1520 1658 1579; baseline 0.006 -23"><span class='ocrx_word' id='word_1_142' title='bbox 230 1526 327 1557; x_wconf 78' lang='lat' dir='ltr'><em>tasse</em></span> <span class='ocrx_word' id='word_1_143' title='bbox 357 1534 379 1557; x_wconf 87' lang='lat' dir='ltr'><em>a</em></span> <span class='ocrx_word' id='word_1_144' title='bbox 408 1535 486 1560; x_wconf 83' lang='lat' dir='ltr'><em>sec.</em></span> <span class='ocrx_word' id='word_1_145' title='bbox 526 1520 601 1574; x_wconf 89' lang='lat' dir='ltr'><em>m.)</em></span> <span class='ocrx_word' id='word_1_146' title='bbox 639 1538 670 1561; x_wconf 89' lang='lat' dir='ltr'><em>s.</em></span> <span class='ocrx_word' id='word_1_147' title='bbox 704 1539 742 1579; x_wconf 83' lang='lat' dir='ltr'><em>q.</em></span> <span class='ocrx_word' id='word_1_148' title='bbox 785 1522 1024 1563; x_wconf 75' lang='lat' dir='ltr'><em>utilissimae.</em></span> <span class='ocrx_word' id='word_1_149' title='bbox 1087 1521 1221 1563; x_wconf 81' lang='lat' dir='ltr'>Guelf.</span> <span class='ocrx_word' id='word_1_150' title='bbox 1261 1521 1384 1563; x_wconf 87' lang='lat' dir='ltr'><em>Bern.</em></span> <span class='ocrx_word' id='word_1_151' title='bbox 1417 1522 1518 1564; x_wconf 73' lang='lat' dir='ltr'><em>Ald.</em></span> <span class='ocrx_word' id='word_1_152' title='bbox 1547 1523 1658 1565; x_wconf 80' lang='lat' dir='ltr'><em>Sich.</em></span> 
     </span>
     <span class='ocr_line' id='line_1_21' title="bbox 227 1587 1663 1645; baseline 0.004 -21"><span class='ocrx_word' id='word_1_153' title='bbox 227 1601 260 1624; x_wconf 73' lang='lat'><em>8.</em></span> <span class='ocrx_word' id='word_1_154' title='bbox 297 1602 334 1639; x_wconf 70' lang='lat' dir='ltr'><em>(J.</em></span> <span class='ocrx_word' id='word_1_155' title='bbox 377 1587 596 1629; x_wconf 75' lang='lat' dir='ltr'><em>utilissima.</em></span> <span class='ocrx_word' id='word_1_156' title='bbox 656 1587 779 1629; x_wconf 86' lang='lat' dir='ltr'><em>Amb.</em></span> <span class='ocrx_word' id='word_1_157' title='bbox 815 1594 852 1629; x_wconf 89' lang='lat'><em>1.</em></span> <span class='ocrx_word' id='word_1_158' title='bbox 890 1589 1041 1644; x_wconf 76' lang='lat' dir='ltr'><em>quislem</em></span> <span class='ocrx_word' id='word_1_159' title='bbox 1069 1589 1296 1630; x_wconf 79' lang='lat' dir='ltr'><em>utilissimae</em></span> <span class='ocrx_word' id='word_1_160' title='bbox 1326 1600 1426 1631; x_wconf 82' lang='lat' dir='ltr'><em>sunt.</em></span> <span class='ocrx_word' id='word_1_161' title='bbox 1544 1607 1663 1645; x_wconf 85' lang='lat' dir='ltr'><em>prae-</em></span> 
     </span>
     <span class='ocr_line' id='line_1_22' title="bbox 229 1651 1660 1713; baseline 0.006 -23"><span class='ocrx_word' id='word_1_162' title='bbox 229 1651 337 1692; x_wconf 72' lang='lat' dir='ltr'><em>dicta</em></span> <span class='ocrx_word' id='word_1_163' title='bbox 368 1658 513 1695; x_wconf 83' lang='lat' dir='ltr'><em>omnia.</em></span> <span class='ocrx_word' id='word_1_164' title='bbox 571 1654 698 1696; x_wconf 80' lang='lat' dir='ltr'><em>Amb.</em></span> <span class='ocrx_word' id='word_1_165' title='bbox 735 1662 771 1696; x_wconf 88' lang='lat'><em>1.</em></span> <span class='ocrx_word' id='word_1_166' title='bbox 802 1656 1036 1711; x_wconf 75' lang='lat' dir='ltr'><em>praedicata</em></span> <span class='ocrx_word' id='word_1_167' title='bbox 1070 1673 1170 1697; x_wconf 85' lang='lat' dir='ltr'><em>omn.</em></span> <span class='ocrx_word' id='word_1_168' title='bbox 1227 1657 1332 1698; x_wconf 89' lang='lat' dir='ltr'><em>Edd.</em></span> <span class='ocrx_word' id='word_1_169' title='bbox 1373 1666 1464 1698; x_wconf 83' lang='lat' dir='ltr'><em>ante</em></span> <span class='ocrx_word' id='word_1_170' title='bbox 1504 1655 1660 1713; x_wconf 80' lang='lat' dir='ltr'>Gryph.</span> 
     </span>
     <span class='ocr_line' id='line_1_23' title="bbox 231 1720 1659 1767; baseline 0.007 -10"><span class='ocrx_word' id='word_1_171' title='bbox 231 1734 317 1760; x_wconf 80' lang='lat' dir='ltr'><em>exc.</em></span> <span class='ocrx_word' id='word_1_172' title='bbox 351 1720 462 1761; x_wconf 85' lang='lat' dir='ltr'><em>Sich.</em></span> <span class='ocrx_word' id='word_1_173' title='bbox 494 1723 675 1760; x_wconf 75' lang='lat' dir='ltr'><em>ordinem</em></span> <span class='ocrx_word' id='word_1_174' title='bbox 704 1733 876 1764; x_wconf 85' lang='lat' dir='ltr'><em>mutant.</em></span> <span class='ocrx_word' id='word_1_175' title='bbox 989 1724 1208 1764; x_wconf 76' lang='lat' dir='ltr'><em>insidiatus.</em></span> <span class='ocrx_word' id='word_1_176' title='bbox 1267 1724 1400 1765; x_wconf 85' lang='lat' dir='ltr'><strong>Guelf.</strong></span> <span class='ocrx_word' id='word_1_177' title='bbox 1435 1724 1659 1767; x_wconf 80' lang='lat' dir='ltr'><em>insideatus.</em></span> 
     </span>
    </p>

    <p class='ocr_par' dir='ltr' id='par_1_15' title="bbox 232 1787 1664 1981">
     <span class='ocr_line' id='line_1_24' title="bbox 317 1787 1661 1846; baseline 0.005 -21"><span class='ocrx_word' id='word_1_178' title='bbox 317 1788 358 1826; x_wconf 82' lang='lat' dir='ltr'><em>in</em></span> <span class='ocrx_word' id='word_1_179' title='bbox 386 1799 531 1827; x_wconf 78' lang='lat' dir='ltr'><em>senatu.</em></span> <span class='ocrx_word' id='word_1_180' title='bbox 589 1787 710 1830; x_wconf 76' lang='lat' dir='ltr'><em>Amb.</em></span> <span class='ocrx_word' id='word_1_181' title='bbox 736 1797 768 1830; x_wconf 90' lang='lat'><em>1.</em></span> <span class='ocrx_word' id='word_1_182' title='bbox 801 1794 842 1829; x_wconf 81' lang='lat' dir='ltr'><em>in</em></span> <span class='ocrx_word' id='word_1_183' title='bbox 873 1801 1057 1833; x_wconf 79' lang='lat' dir='ltr'><em>senatum.</em></span> <span class='ocrx_word' id='word_1_184' title='bbox 1155 1791 1285 1846; x_wconf 74' lang='lat' dir='ltr'><em>quoad</em></span> <span class='ocrx_word' id='word_1_185' title='bbox 1310 1802 1476 1832; x_wconf 83' lang='lat' dir='ltr'><em>senatus.</em></span> <span class='ocrx_word' id='word_1_186' title='bbox 1524 1791 1661 1833; x_wconf 84' lang='lat' dir='ltr'><em>Turic.</em></span> 
     </span>
     <span class='ocr_line' id='line_1_25' title="bbox 232 1856 1663 1913; baseline 0.005 -20"><span class='ocrx_word' id='word_1_187' title='bbox 232 1868 256 1893; x_wconf 83' lang='lat' dir='ltr'><em>a</em></span> <span class='ocrx_word' id='word_1_188' title='bbox 283 1869 342 1907; x_wconf 82' lang='lat' dir='ltr'><em>pr.</em></span> <span class='ocrx_word' id='word_1_189' title='bbox 371 1871 427 1896; x_wconf 90' lang='lat' dir='ltr'><em>m.</em></span> <span class='ocrx_word' id='word_1_190' title='bbox 461 1856 564 1910; x_wconf 76' lang='lat' dir='ltr'><em>qnod</em></span> <span class='ocrx_word' id='word_1_191' title='bbox 593 1870 777 1899; x_wconf 77' lang='lat' dir='ltr'><em>senatum.</em></span> <span class='ocrx_word' id='word_1_192' title='bbox 837 1858 944 1899; x_wconf 85' lang='lat' dir='ltr'><em>Flor.</em></span> <span class='ocrx_word' id='word_1_193' title='bbox 975 1874 997 1897; x_wconf 86' lang='lat' dir='ltr'><em>a</em></span> <span class='ocrx_word' id='word_1_194' title='bbox 1027 1875 1085 1913; x_wconf 83' lang='lat' dir='ltr'><em>pr.</em></span> <span class='ocrx_word' id='word_1_195' title='bbox 1118 1875 1174 1899; x_wconf 87' lang='lat' dir='ltr'><em>m.</em></span> <span class='ocrx_word' id='word_1_196' title='bbox 1213 1857 1327 1899; x_wconf 80' lang='lat' dir='ltr'><em>AJJn.</em></span> <span class='ocrx_word' id='word_1_197' title='bbox 1360 1857 1490 1913; x_wconf 78' lang='lat' dir='ltr'><em>quoad</em></span> <span class='ocrx_word' id='word_1_198' title='bbox 1517 1870 1663 1900; x_wconf 80' lang='lat' dir='ltr'><em>senatu.</em></span> 
     </span>
     <span class='ocr_line' id='line_1_26' title="bbox 234 1921 1664 1981; baseline 0.005 -21"><span class='ocrx_word' id='word_1_199' title='bbox 234 1921 338 1962; x_wconf 82' lang='lat' dir='ltr'>Flor.</span> <span class='ocrx_word' id='word_1_200' title='bbox 373 1939 394 1962; x_wconf 87' lang='lat' dir='ltr'><em>a</em></span> <span class='ocrx_word' id='word_1_201' title='bbox 418 1940 495 1965; x_wconf 83' lang='lat' dir='ltr'><em>seo.</em></span> <span class='ocrx_word' id='word_1_202' title='bbox 524 1939 579 1963; x_wconf 86' lang='lat' dir='ltr'><em>m.</em></span> <span class='ocrx_word' id='word_1_203' title='bbox 621 1923 739 1965; x_wconf 91' lang='lat' dir='ltr'><strong>Bodl.</strong></span> <span class='ocrx_word' id='word_1_204' title='bbox 779 1925 920 1981; x_wconf 83' lang='lat' dir='ltr'><em>Camp.</em></span> <span class='ocrx_word' id='word_1_205' title='bbox 950 1925 1081 1967; x_wconf 76' lang='lat' dir='ltr'><em>Andr.</em></span> <span class='ocrx_word' id='word_1_206' title='bbox 1127 1924 1260 1968; x_wconf 89' lang='lat' dir='ltr'><strong>Guelf.</strong></span> <span class='ocrx_word' id='word_1_207' title='bbox 1302 1924 1426 1967; x_wconf 88' lang='lat' dir='ltr'><em>Goth.</em></span> <span class='ocrx_word' id='word_1_208' title='bbox 1468 1923 1557 1981; x_wconf 84' lang='lat' dir='ltr'><em>(qui</em></span> <span class='ocrx_word' id='word_1_209' title='bbox 1585 1942 1664 1968; x_wconf 87' lang='lat' dir='ltr'><em>om.</em></span> 
     </span>
    </p>
   </div>
   <div class='ocr_carea' id='block_1_15' title="bbox 233 1991 1663 2049">
    <p class='ocr_par' dir='ltr' id='par_1_16' title="bbox 233 1991 1663 2049">
     <span class='ocr_line' id='line_1_27' title="bbox 233 1991 1663 2049; baseline 0.005 -22"><span class='ocrx_word' id='word_1_210' title='bbox 233 1992 442 2044; x_wconf 73' lang='lat' dir='ltr'><em>insequens</em></span> <span class='ocrx_word' id='word_1_211' title='bbox 472 1991 546 2047; x_wconf 79' lang='lat' dir='ltr'><em>est)</em></span> <span class='ocrx_word' id='word_1_212' title='bbox 598 2009 671 2049; x_wconf 82' lang='lat' dir='ltr'><em>quo</em></span> <span class='ocrx_word' id='word_1_213' title='bbox 702 2010 727 2032; x_wconf 90' lang='lat' dir='ltr'><em>a</em></span> <span class='ocrx_word' id='word_1_214' title='bbox 755 2005 899 2035; x_wconf 78' lang='lat' dir='ltr'><em>senatu.</em></span> <span class='ocrx_word' id='word_1_215' title='bbox 1027 1993 1190 2034; x_wconf 81' lang='lat' dir='ltr'><em>calceos.</em></span> <span class='ocrx_word' id='word_1_216' title='bbox 1252 1993 1392 2048; x_wconf 82' lang='lat' dir='ltr'><em>Camp.</em></span> <span class='ocrx_word' id='word_1_217' title='bbox 1430 1993 1663 2048; x_wconf 79' lang='lat' dir='ltr'><em>calceosque.</em></span> 
     </span>
    </p>
   </div>
   <div class='ocr_carea' id='block_1_16' title="bbox 239 2081 1671 2671">
    <p class='ocr_par' dir='ltr' id='par_1_17' title="bbox 239 2081 1671 2671">
     <span class='ocr_line' id='line_1_28' title="bbox 349 2081 1664 2139; baseline 0.003 -20"><span class='ocrx_word' id='word_1_218' title='bbox 349 2082 382 2131; x_wconf 57' lang='grc' dir='ltr'><em>ξ.</em></span> <span class='ocrx_word' id='word_1_219' title='bbox 415 2086 479 2121; x_wconf 77' lang='grc'><strong>58.</strong></span> <span class='ocrx_word' id='word_1_220' title='bbox 536 2100 718 2137; x_wconf 76' lang='lat' dir='ltr'><em>praepar.</em></span> <span class='ocrx_word' id='word_1_221' title='bbox 751 2083 854 2122; x_wconf 73' lang='lat' dir='ltr'><em>nihil</em></span> <span class='ocrx_word' id='word_1_222' title='bbox 867 2083 1009 2139; x_wconf 75' lang='lat' dir='ltr'><em>festia.</em></span> <span class='ocrx_word' id='word_1_223' title='bbox 1068 2083 1203 2124; x_wconf 87' lang='lat' dir='ltr'><em>Amb.·</em></span> <span class='ocrx_word' id='word_1_224' title='bbox 1223 2089 1260 2124; x_wconf 91' lang='lat'><em>1.</em></span> <span class='ocrx_word' id='word_1_225' title='bbox 1281 2089 1322 2124; x_wconf 87' lang='lat'><em>2.</em></span> <span class='ocrx_word' id='word_1_226' title='bbox 1354 2082 1488 2123; x_wconf 77' lang='lat' dir='ltr'><em>Turio.</em></span> <span class='ocrx_word' id='word_1_227' title='bbox 1523 2081 1664 2136; x_wconf 84' lang='lat' dir='ltr'><em>Camp.</em></span> 
     </span>
     <span class='ocr_line' id='line_1_29' title="bbox 240 2143 1665 2206; baseline 0.002 -19"><span class='ocrx_word' id='word_1_228' title='bbox 240 2143 373 2187; x_wconf 83' lang='lat' dir='ltr'>Guelf.</span> <span class='ocrx_word' id='word_1_229' title='bbox 405 2147 522 2188; x_wconf 79' lang='lat' dir='ltr'><em>Voss.</em></span> <span class='ocrx_word' id='word_1_230' title='bbox 553 2155 590 2190; x_wconf 87' lang='lat'><em>1.</em></span> <span class='ocrx_word' id='word_1_231' title='bbox 609 2150 752 2206; x_wconf 78' lang='lat' dir='ltr'><em>festin.</em></span> <span class='ocrx_word' id='word_1_232' title='bbox 784 2150 882 2190; x_wconf 77' lang='lat' dir='ltr'><em>nihil</em></span> <span class='ocrx_word' id='word_1_233' title='bbox 905 2168 1102 2205; x_wconf 64' lang='lat' dir='ltr'><em>praepar„</em></span> <span class='ocrx_word' id='word_1_234' title='bbox 1134 2153 1275 2205; x_wconf 82' lang='lat' dir='ltr'><em>quibus</em></span> <span class='ocrx_word' id='word_1_235' title='bbox 1305 2154 1514 2190; x_wconf 84' lang='lat' dir='ltr'><em>assentitur</em></span> <span class='ocrx_word' id='word_1_236' title='bbox 1540 2149 1665 2201; x_wconf 88' lang='lat' dir='ltr'>Flor.,</span> 
     </span>
     <span class='ocr_line' id='line_1_30' title="bbox 239 2215 1670 2272; baseline 0.002 -20"><span class='ocrx_word' id='word_1_237' title='bbox 239 2217 315 2253; x_wconf 79' lang='lat' dir='ltr'><em>nisi</em></span> <span class='ocrx_word' id='word_1_238' title='bbox 356 2216 463 2269; x_wconf 86' lang='lat' dir='ltr'><em>quod</em></span> <span class='ocrx_word' id='word_1_239' title='bbox 498 2218 569 2257; x_wconf 80' lang='lat' dir='ltr'><em>dat</em></span> <span class='ocrx_word' id='word_1_240' title='bbox 608 2228 845 2272; x_wconf 75' lang='lat' dir='ltr'><em>comparato.</em></span> <span class='ocrx_word' id='word_1_241' title='bbox 959 2217 1082 2257; x_wconf 70' lang='lat' dir='ltr'><em>solum</em></span> <span class='ocrx_word' id='word_1_242' title='bbox 1113 2219 1235 2258; x_wconf 81' lang='lat' dir='ltr'><em>rebus.</em></span> <span class='ocrx_word' id='word_1_243' title='bbox 1296 2216 1429 2258; x_wconf 85' lang='lat' dir='ltr'>Guelf.</span> <span class='ocrx_word' id='word_1_244' title='bbox 1470 2215 1593 2256; x_wconf 84' lang='lat' dir='ltr'><em>solum</em></span> <span class='ocrx_word' id='word_1_245' title='bbox 1629 2219 1670 2256; x_wconf 88' lang='lat' dir='ltr'><em>in</em></span> 
     </span>
     <span class='ocr_line' id='line_1_31' title="bbox 241 2282 1666 2338; baseline 0.004 -19"><span class='ocrx_word' id='word_1_246' title='bbox 241 2282 363 2324; x_wconf 69' lang='lat' dir='ltr'><em>rebus.</em></span> <span class='ocrx_word' id='word_1_247' title='bbox 447 2301 587 2323; x_wconf 79' lang='lat' dir='ltr'><em>moras.</em></span> <span class='ocrx_word' id='word_1_248' title='bbox 622 2284 757 2326; x_wconf 76' lang='lat' dir='ltr'><em>Turio.</em></span> <span class='ocrx_word' id='word_1_249' title='bbox 785 2301 910 2326; x_wconf 87' lang='lat' dir='ltr'><em>mora.</em></span> <span class='ocrx_word' id='word_1_250' title='bbox 953 2284 1090 2338; x_wconf 85' lang='lat' dir='ltr'><em>Camp.</em></span> <span class='ocrx_word' id='word_1_251' title='bbox 1122 2300 1287 2325; x_wconf 87' lang='lat' dir='ltr'><em>moram.</em></span> <span class='ocrx_word' id='word_1_252' title='bbox 1372 2284 1490 2324; x_wconf 73' lang='lat' dir='ltr'><em>ducit.</em></span> <span class='ocrx_word' id='word_1_253' title='bbox 1531 2283 1666 2324; x_wconf 78' lang='lat' dir='ltr'><em>Turic-</em></span> 
     </span>
     <span class='ocr_line' id='line_1_32' title="bbox 239 2347 1668 2405; baseline 0.002 -18"><span class='ocrx_word' id='word_1_254' title='bbox 239 2347 347 2390; x_wconf 76' lang='lat' dir='ltr'><em>Flor.</em></span> <span class='ocrx_word' id='word_1_255' title='bbox 377 2347 488 2392; x_wconf 80' lang='lat' dir='ltr'><em>Alm.</em></span> <span class='ocrx_word' id='word_1_256' title='bbox 523 2351 662 2405; x_wconf 84' lang='lat' dir='ltr'><em>Camp.</em></span> <span class='ocrx_word' id='word_1_257' title='bbox 694 2351 822 2393; x_wconf 83' lang='lat' dir='ltr'><em>Colin.</em></span> <span class='ocrx_word' id='word_1_258' title='bbox 855 2352 964 2392; x_wconf 74' lang='lat' dir='ltr'><em>dicit.</em></span> <span class='ocrx_word' id='word_1_259' title='bbox 1080 2351 1304 2391; x_wconf 72' lang='lat' dir='ltr'><em>secl-verbis</em></span> <span class='ocrx_word' id='word_1_260' title='bbox 1343 2354 1469 2391; x_wconf 77' lang='lat' dir='ltr'><em>etiam.</em></span> <span class='ocrx_word' id='word_1_261' title='bbox 1532 2350 1668 2391; x_wconf 77' lang='lat' dir='ltr'><em>Turio.</em></span> 
     </span>
     <span class='ocr_line' id='line_1_33' title="bbox 243 2418 1671 2473; baseline 0.001 -18"><span class='ocrx_word' id='word_1_262' title='bbox 243 2420 370 2457; x_wconf 73' lang='lat' dir='ltr'><em>omitt.</em></span> <span class='ocrx_word' id='word_1_263' title='bbox 402 2419 541 2459; x_wconf 74' lang='lat' dir='ltr'><em>verbis.</em></span> <span class='ocrx_word' id='word_1_264' title='bbox 603 2420 709 2460; x_wconf 87' lang='lat' dir='ltr'><em>Flor.</em></span> <span class='ocrx_word' id='word_1_265' title='bbox 741 2418 849 2460; x_wconf 86' lang='lat' dir='ltr'><em>Alm.</em></span> <span class='ocrx_word' id='word_1_266' title='bbox 882 2421 1012 2460; x_wconf 87' lang='lat' dir='ltr'>solum</span> <span class='ocrx_word' id='word_1_267' title='bbox 1040 2421 1153 2458; x_wconf 79' lang='lat' dir='ltr'><em>etiam</em></span> <span class='ocrx_word' id='word_1_268' title='bbox 1184 2420 1290 2468; x_wconf 80' lang='lat' dir='ltr'>dant,</span> <span class='ocrx_word' id='word_1_269' title='bbox 1322 2418 1459 2473; x_wconf 80' lang='lat' dir='ltr'><em>Camp.</em></span> <span class='ocrx_word' id='word_1_270' title='bbox 1490 2436 1522 2460; x_wconf 85' lang='lat' dir='ltr'><em>s.</em></span> <span class='ocrx_word' id='word_1_271' title='bbox 1556 2421 1671 2457; x_wconf 82' lang='lat' dir='ltr'><em>etiam</em></span> 
     </span>
     <span class='ocr_line' id='line_1_34' title="bbox 245 2483 1669 2541; baseline 0.002 -21"><span class='ocrx_word' id='word_1_272' title='bbox 245 2485 384 2525; x_wconf 64' lang='lat' dir='ltr'><em>verbis.</em></span> <span class='ocrx_word' id='word_1_273' title='bbox 481 2486 535 2526; x_wconf 75' lang='lat' dir='ltr'><em>ad</em></span> <span class='ocrx_word' id='word_1_274' title='bbox 561 2487 710 2528; x_wconf 76' lang='lat' dir='ltr'><em>custod.</em></span> <span class='ocrx_word' id='word_1_275' title='bbox 733 2497 888 2541; x_wconf 76' lang='lat' dir='ltr'><em>patron.</em></span> <span class='ocrx_word' id='word_1_276' title='bbox 947 2486 1053 2526; x_wconf 80' lang='lat' dir='ltr'><em>Flor.</em></span> <span class='ocrx_word' id='word_1_277' title='bbox 1084 2487 1172 2527; x_wconf 82' lang='lat' dir='ltr'><em>Par.</em></span> <span class='ocrx_word' id='word_1_278' title='bbox 1194 2492 1230 2526; x_wconf 87' lang='lat'><em>1.</em></span> <span class='ocrx_word' id='word_1_279' title='bbox 1261 2502 1421 2541; x_wconf 87' lang='lat' dir='ltr'><strong>quoque</strong></span> <span class='ocrx_word' id='word_1_280' title='bbox 1450 2485 1503 2525; x_wconf 75' lang='lat' dir='ltr'><em>acl</em></span> <span class='ocrx_word' id='word_1_281' title='bbox 1523 2483 1669 2525; x_wconf 78' lang='lat' dir='ltr'><em>custod.</em></span> 
     </span>
     <span class='ocr_line' id='line_1_35' title="bbox 246 2550 1671 2608; baseline 0.003 -22"><span class='ocrx_word' id='word_1_282' title='bbox 246 2550 381 2589; x_wconf 67' lang='grc' dir='ltr'><em>ιῖεῐιηῖσ</em></span> <span class='ocrx_word' id='word_1_283' title='bbox 405 2564 560 2606; x_wconf 75' lang='lat' dir='ltr'><em>pair-on.</em></span> <span class='ocrx_word' id='word_1_284' title='bbox 663 2557 913 2594; x_wconf 71' lang='lat' dir='ltr'><em>excitassent.</em></span> <span class='ocrx_word' id='word_1_285' title='bbox 975 2552 1110 2594; x_wconf 78' lang='lat' dir='ltr'><em>Turio.</em></span> <span class='ocrx_word' id='word_1_286' title='bbox 1142 2553 1263 2605; x_wconf 83' lang='lat' dir='ltr'>Flor.,</span> <span class='ocrx_word' id='word_1_287' title='bbox 1294 2564 1458 2608; x_wconf 80' lang='lat' dir='ltr'><strong>uterque</strong></span> <span class='ocrx_word' id='word_1_288' title='bbox 1481 2568 1503 2592; x_wconf 81' lang='lat' dir='ltr'><em>a</em></span> <span class='ocrx_word' id='word_1_289' title='bbox 1521 2569 1580 2606; x_wconf 88' lang='lat' dir='ltr'><em>pr.</em></span> <span class='ocrx_word' id='word_1_290' title='bbox 1599 2567 1671 2600; x_wconf 91' lang='lat' dir='ltr'><em>m.‚</em></span> 
     </span>
     <span class='ocr_line' id='line_1_36' title="bbox 247 2619 1671 2671; baseline 0.001 -15"><span class='ocrx_word' id='word_1_291' title='bbox 247 2631 321 2656; x_wconf 82' lang='lat' dir='ltr'><em>nec</em></span> <span class='ocrx_word' id='word_1_292' title='bbox 358 2635 450 2659; x_wconf 71' lang='lat' dir='ltr'>vero</span> <span class='ocrx_word' id='word_1_293' title='bbox 496 2620 603 2661; x_wconf 78' lang='lat' dir='ltr'><em>Jens.</em></span> <span class='ocrx_word' id='word_1_294' title='bbox 645 2624 759 2661; x_wconf 72' lang='lat' dir='ltr'><em>refer.</em></span> <span class='ocrx_word' id='word_1_295' title='bbox 799 2619 947 2671; x_wconf 48' lang='grc' dir='ltr'><strong>(ἤδη,</strong></span> <span class='ocrx_word' id='word_1_296' title='bbox 986 2623 1194 2661; x_wconf 51' lang='lat' dir='ltr'><em>‹nr-citasse.</em></span> <span class='ocrx_word' id='word_1_297' title='bbox 1267 2620 1401 2662; x_wconf 67' lang='lat' dir='ltr'><em>Turio.</em></span> <span class='ocrx_word' id='word_1_298' title='bbox 1441 2636 1464 2661; x_wconf 85' lang='lat' dir='ltr'><em>a</em></span> <span class='ocrx_word' id='word_1_299' title='bbox 1498 2635 1574 2660; x_wconf 84' lang='lat' dir='ltr'><em>sec.</em></span> <span class='ocrx_word' id='word_1_300' title='bbox 1616 2632 1671 2658; x_wconf 87' lang='lat' dir='ltr'><em>m.</em></span> 
     </span>
    </p>
   </div>
   <div class='ocr_carea' id='block_1_17' title="bbox 254 2685 1225 2739">
    <p class='ocr_par' dir='ltr' id='par_1_18' title="bbox 254 2685 1225 2739">
     <span class='ocr_line' id='line_1_37' title="bbox 254 2685 1225 2739; baseline 0.003 -16"><span class='ocrx_word' id='word_1_301' title='bbox 254 2685 394 2739; x_wconf 78' lang='lat' dir='ltr'><em>Cmnp.</em></span> <span class='ocrx_word' id='word_1_302' title='bbox 426 2698 463 2727; x_wconf 77' lang='lat' dir='ltr'><em>et</em></span> <span class='ocrx_word' id='word_1_303' title='bbox 498 2689 588 2728; x_wconf 70' lang='lat' dir='ltr'><em>edd.</em></span> <span class='ocrx_word' id='word_1_304' title='bbox 620 2699 711 2728; x_wconf 75' lang='lat' dir='ltr'><em>ante</em></span> <span class='ocrx_word' id='word_1_305' title='bbox 742 2686 838 2728; x_wconf 69' lang='grc' dir='ltr'><strong>ΑΜ.</strong></span> <span class='ocrx_word' id='word_1_306' title='bbox 873 2686 971 2728; x_wconf 83' lang='lat' dir='ltr'><em>Obr.</em></span> <span class='ocrx_word' id='word_1_307' title='bbox 1005 2690 1225 2728; x_wconf 62' lang='lat' dir='ltr'><em>eaecicasscf,</em></span> 
     </span>
    </p>
   </div>
  </div>
 </body>
</html>
