1804 3091
225 250 261 283 X

223 357 445 403 excerpta,
495 362 548 388 ex
590 363 671 402 quo
701 350 880 403 primum
909 363 1054 390 eorum
1096 363 1260 403 quoque
1290 348 1562 405 Spaldingius
1600 352 1662 391 uti

222 428 450 480 coepisset,
496 427 726 467 omittenda
754 427 947 479 fuerunt,
989 429 1062 469 sed
1093 442 1218 483 porro
1249 427 1464 483 aliquanto
1493 427 1662 483 longius

223 504 504 554 conferenda,
559 505 895 559 quandoquidem
933 506 1029 557 ille,
1081 521 1175 548 cum
1201 507 1322 547 initio
1354 506 1663 556 Quintilianum

220 582 273 622 ad
306 581 624 636 Guelferbytaui
664 593 705 623 et
743 581 930 625 Gothani
968 585 1097 626 fidem
1139 600 1359 626 recensere
1396 586 1686 636 instituisset‚'

220 661 346 701 etiam
377 663 557 716 cognitis
587 661 832 703 melioribus
862 665 924 704 rei
955 666 1123 705 criticae
1144 664 1358 715 subsidiis,
1391 664 1502 706 hunc
1523 674 1662 705 tamen

219 741 338 795 quasi
367 749 555 780 vetustae
586 739 861 782 familiaritati
880 741 1083 783 honorem
1104 743 1264 794 habuit,
1298 752 1344 784 ut
1368 743 1553 782 advenas
1579 755 1663 781 non

218 820 358 859 statim
399 817 547 873 pleno,
597 820 947 874 quemadmodum
984 820 1278 872 merebantur,
1327 823 1538 861 amicitiae
1564 821 1662 874 jure

217 899 436 951 reciperet.
493 896 638 953 Itaque
662 898 819 939 factum
842 900 1031 950 videtur,
1056 908 1124 950 ut,
1157 914 1251 940 cum
1276 898 1597 952 Guelferbytani
1619 906 1662 938 et

218 974 405 1015 Gothani
434 978 659 1017 varietates
688 976 891 1033 religiosa
915 979 1093 1033 quadam
1124 992 1224 1019 cura
1250 986 1422 1018 enotare
1452 983 1661 1031 pergeret,

216 1056 355 1094 minus
386 1053 567 1109 diligens
599 1057 641 1096 in
675 1058 1052 1097 commemorandis
1083 1055 1329 1097 Turicensis
1360 1065 1402 1096 et
1429 1055 1462 1096 F
1465 1054 1663 1095 lorentini

214 1147 463 1187 quamquam
492 1132 619 1190 longe
652 1136 893 1190 graviorum
921 1133 1153 1186 librorum,
1185 1136 1403 1190 scripturis
1435 1142 1561 1175 esset.
1593 1132 1659 1174 Cf.

215 1226 322 1265 quae
352 1212 405 1253 ad
434 1210 563 1263 VHI,
596 1216 614 1252 1
633 1241 644 1263 ,
680 1216 731 1253 16
764 1214 1014 1254 notavimus.

323 1369 462 1424 Atque
492 1371 537 1410 in
568 1369 647 1410 hac
680 1379 768 1411 tota
800 1385 846 1411 re
873 1385 998 1426 saepe
1028 1371 1134 1412 mihi
1165 1373 1337 1423 accidit,
1383 1380 1429 1412 ut
1466 1372 1546 1411 viri
1586 1371 1661 1412 do-

215 1450 389 1489 ctissimi
414 1464 507 1490 cum
530 1450 749 1505 ingenium
782 1460 824 1490 et
852 1451 1103 1491 industriam
1135 1451 1381 1502 admirarer,
1411 1458 1499 1490 tum
1528 1449 1660 1490 fortuss

213 1542 311 1567 nam
341 1542 633 1582 conquererer,
667 1529 777 1583 quod
800 1528 887 1580 ille,
921 1545 1001 1584 quo
1033 1544 1117 1570 non
1148 1529 1237 1570 fere
1268 1531 1487 1586 quisquam
1517 1530 1659 1570 studio

212 1608 482 1661 doctrinaque
511 1609 697 1661 paratior
727 1609 779 1648 ad
806 1605 1115 1656 Quintilianum
1134 1609 1439 1649 recensendum
1466 1609 1657 1658 accessit,

211 1687 350 1725 minus
376 1684 546 1740 plenum
576 1684 734 1727 laboris
765 1688 830 1727 sui
859 1686 1061 1737 fructum,
1094 1697 1206 1728 certe
1237 1695 1518 1742 praesentem,
1548 1686 1657 1728 tulit.

210 1763 320 1805 Nam
349 1766 471 1804 initio
503 1779 597 1805 cum
627 1764 755 1806 fidem
778 1780 897 1806 suam
918 1765 1162 1807 infidelibus
1189 1766 1438 1821 quibusdam
1464 1765 1656 1815 ducibus,

211 1844 387 1883 vetustis
418 1843 688 1894 editionibus,
721 1843 1044 1895 obstrinxisset,
1079 1859 1156 1885 nec
1186 1844 1362 1885 haberet
1390 1846 1472 1885 nisi
1500 1858 1657 1899 paucos

209 1923 514 1976 manuscriptos
545 1937 700 1977 eosque
732 1924 957 1964 deterioris
988 1924 1173 1974 ordinis,
1212 1933 1351 1964 tamen
1383 1922 1474 1964 sola
1503 1923 1658 1964 mentis

209 2001 444 2038 intentione
475 2015 575 2040 usus
611 2002 857 2054 saepissime
886 2015 1032 2042 verum
1061 2003 1248 2053 invenit,
1299 2003 1374 2042 sed
1403 2017 1487 2042 non
1517 2003 1657 2042 minus

210 2091 358 2131 saepe,
390 2078 488 2117 dum
518 2080 783 2131 conjecturas
813 2077 1026 2120 laboriose
1057 2079 1108 2118 ad
1141 2078 1310 2118 illorum
1340 2079 1524 2119 ludibria
1553 2081 1655 2120 scri-

209 2165 355 2209 pturae
385 2157 592 2207 instituit,
625 2171 794 2211 operam
826 2159 1033 2212 perdidit,
1067 2158 1286 2211 fructuque
1315 2156 1474 2198 laboris
1501 2159 1655 2212 jucun—

210 2235 383 2275 dissimo
417 2236 549 2274 caruit
580 2249 656 2285 eo,
688 2246 734 2276 ut
766 2246 900 2276 totum
931 2238 996 2276 sui
1027 2237 1242 2291 scriptoris
1270 2244 1432 2276 textum
1463 2237 1515 2276 ad
1546 2251 1654 2286 eam,

210 2327 335 2367 quam
365 2312 614 2367 expetebat,
655 2315 915 2355 constantiae
947 2329 995 2355 ac
1025 2316 1215 2354 veritatis
1244 2314 1422 2354 formam
1456 2323 1653 2355 exactum

212 2392 386 2431 rideret.
446 2390 609 2432 Verum
639 2394 936 2447 progrediente
970 2408 1096 2451 opere
1136 2394 1270 2447 magis
1310 2394 1527 2448 magisque
1557 2394 1654 2433 istis

209 2469 340 2509 falsae
379 2469 597 2524 religionis
645 2471 957 2524 impedimentis
997 2486 1090 2512 sese
1139 2470 1344 2521 exsolvit,
1390 2470 1652 2526 liberiusque

209 2549 340 2601 copiis
369 2549 456 2587 suis
487 2562 569 2587 non
595 2549 685 2601 jam
716 2549 766 2588 ad
801 2550 1055 2603 opinandum
1088 2549 1210 2605 quale
1239 2551 1418 2605 quidque
1439 2551 1651 2591 videretur

211 2626 388 2665 sortasse
427 2626 580 2675 fuisse,
627 2627 700 2666 sed
744 2627 795 2666 ad
834 2626 1061 2668 tollendam
1105 2629 1289 2682 priorum
1331 2638 1402 2669 aut
1432 2628 1649 2668 levitatem

213 2713 280 2744 aut
315 2702 614 2758 negligentiam
643 2706 701 2745 uti
723 2705 873 2760 coepit.
933 2703 1116 2760 Apparet
1139 2707 1278 2757 etiam,
1310 2708 1522 2748 invenisse
1551 2720 1646 2746 eum
