1775 3091
449 252 503 295 αιῖ
532 251 701 308 Quintil.
732 251 864 293 Iustu.
896 250 976 302 ΙΙΙ,
1006 253 1046 294 4.
1085 255 1118 306 §.
1153 255 1320 293 1—14.
1521 260 1600 299 123

166 368 438 424 prehendere-nt
467 369 589 407 etiam
619 364 760 420 Camp.
820 364 1181 421 comprehenderunt
1211 364 1317 406 Flor.
1348 363 1459 407 Alm.
1516 365 1602 408 Re-

169 446 281 491 cepta
310 445 364 476 est
393 438 436 475 iu
466 434 588 476 Paris,
619 441 657 475 1.
681 440 720 475 2.
744 437 782 475 5.

282 508 317 557 §.
351 508 389 544 6.
448 513 588 543 cuncta
626 502 798 541 rimanti.
870 501 954 538 rim.
994 516 1026 540 c.
1067 501 1173 542 Flor.
1295 513 1330 542 et
1367 501 1473 543 talis.
1539 501 1602 545 Ita

167 573 288 610 etiam
314 570 423 611 Flor.
455 568 594 623 Camp.
632 567 753 610 Amb.
779 573 819 609 2.
879 567 1079 622 Copulam
1109 572 1235 611 omitt.
1266 573 1386 611 etiam
1414 571 1538 613 ParIs.
1564 578 1601 612 1.

166 637 278 678 Sich.
311 637 446 678 Colin.
476 636 578 678 Obr.
609 639 700 676 fort.
730 635 856 677 Amb.
886 640 922 675 1.
1040 641 1221 679 oratoris.
1279 641 1468 679 orationis
1491 639 1601 681 Flor.

167 703 278 745 Alm.
317 703 440 745 Amb.
471 709 507 745 1.
536 710 577 746 2.
616 702 750 745 Guelf.
782 703 900 744 Voss.
925 708 962 744 1.
994 702 1139 758 Bern.‚
1183 715 1223 747 et
1251 721 1388 748 omnes
1416 716 1461 747 ut
1487 709 1602 747 vide-

169 781 234 812 tur
262 773 402 822 codd„
442 781 596 826 praeter
626 770 748 812 Goth.
779 771 897 812 Voss.
917 777 957 812 2.

284 841 321 890 §.
353 844 394 880 7.
450 856 569 893 genus
601 850 668 879 cst.
728 849 783 878 est
811 855 899 891 gen.
929 838 1066 881 Turio.
1094 838 1203 881 Flor.
1243 838 1364 881 Amb.
1399 847 1436 883 1.
1469 841 1603 886 Guelf-

171 903 338 960 Camp.;
374 916 554 960 receptus
585 907 680 946 ordo
711 915 768 946 est
796 909 840 945 in
870 904 992 947 Goth.
1028 916 1067 947 et
1097 908 1186 948 edd.
1218 912 1414 951 omnibus.

283 975 320 1024 §.
355 978 393 1014 8.
452 973 550 1012 Item
580 977 724 1014 omnia.
784 973 836 1014 It.
867 991 952 1014 cum
982 991 1082 1014 omn.
1119 973 1259 1029 Camp.

286 1042 323 1092 §.
356 1046 395 1082 9.
448 1041 535 1094 jud.
577 1052 611 1080 et
650 1043 824 1081 concion.
893 1052 928 1079 et
967 1057 1047 1082 om.
1093 1041 1227 1082 Turio.
1267 1043 1376 1085 Flor.
1415 1043 1537 1088 Amb.
1567 1054 1608 1090 2.

173 1107 470 1148 conditionalem
521 1107 659 1161 Camp.
790 1107 1002 1160 generales.
1077 1110 1272 1161 generalis
1317 1111 1452 1152 Turio.
1500 1114 1607 1157 Flor,

174 1174 308 1216 Guelf‚
343 1174 480 1228 Camp.
594 1171 857 1223 ἐξεταστικόν.
913 1185 948 1212 et
978 1174 1075 1222 ἑξεῖ,
1119 1179 1242 1215 etiam
1273 1176 1384 1219 Sich.
1500 1182 1609 1224 dicit.

172 1239 235 1282 Ita
260 1242 382 1282 PariS.
404 1247 442 1282 3.
466 1245 504 1283 5.
535 1241 674 1296 Camp.
707 1241 808 1283 Obr.
837 1244 928 1282 fort.
949 1239 1071 1282 Amb.
1095 1247 1133 1284 1.
1194 1243 1340 1284 dicitur
1365 1249 1486 1287 etiam
1503 1248 1612 1292 Flor.

174 1307 296 1350 Amb.
320 1315 359 1350 2.
428 1308 559 1350 dicunt
589 1308 712 1350 Paris.
739 1314 777 1350 1.
799 1314 838 1350 2.

287 1380 322 1430 §.
358 1382 423 1417 10.
485 1376 764 1429 Protagoram.
832 1375 1083 1430 Protagoran
1120 1374 1242 1417 Amb.
1275 1383 1312 1419 1.
1362 1390 1410 1421 ut
1445 1398 1612 1439 semper.

174 1443 342 1499 Bythag.
375 1442 513 1498 Camp.
628 1443 831 1499 Sophiste,
863 1446 984 1483 etiam
1012 1443 1118 1484 Flor.
1150 1442 1272 1486 Amb.
1295 1451 1333 1488 1.
1365 1447 1489 1492 PariS.
1514 1458 1550 1494 1.
1571 1461 1612 1496 2.

177 1516 216 1552 3.
250 1511 388 1565 Camp.
505 1511 675 1565 disjung.
734 1511 880 1566 dijung.
915 1515 1035 1551 etiam
1062 1510 1185 1552 Amb.
1206 1518 1246 1554 2.

289 1580 323 1630 §.
361 1584 425 1619 11.
498 1582 630 1619 inesse.
693 1596 772 1618 esse
807 1577 928 1619 Amb.
962 1585 1027 1632 1.3
1078 1595 1219 1620 vocem
1260 1584 1452 1625 omittunt
1491 1585 1613 1630 Tarv.

176 1643 302 1697 AM„
353 1650 439 1687 soli.
555 1647 682 1687 Nobis
720 1657 769 1688 et.
840 1646 896 1687 N.
937 1658 1064 1686 autem
1099 1658 1135 1686 et
1172 1647 1296 1689 Paris.
1319 1656 1358 1691 2.
1384 1697 1392 1703 “
1469 1654 1615 1708 plures,

176 1713 366 1767 plurimos
392 1724 548 1767 praeter
576 1723 814 1754 memoratos
845 1714 997 1753 habent
1024 1714 1131 1755 Flor.
1156 1714 1281 1754 Amb.
1303 1723 1342 1758 2.
1365 1718 1489 1761 Paris.
1511 1727 1551 1763 3.
1575 1727 1614 1766 5.

180 1781 272 1820 fort.
302 1778 422 1820 Amb.
450 1786 512 1834 1.;
551 1791 710 1834 recepta
737 1788 795 1819 est
822 1782 867 1818 in
893 1779 1017 1820 Paris.
1040 1785 1077 1820 1.
1099 1787 1138 1821 2.
1172 1781 1312 1836 Camp.

293 1851 328 1900 §.
362 1852 426 1888 12.
485 1858 521 1887 et
556 1847 698 1901 ε’γκωμ.
759 1857 794 1886 et
831 1846 1042 1899 ἓπιδεικτ.,·
1088 1846 1167 1901 ἓγκ.
1208 1859 1276 1888 aut
1302 1849 1404 1892 ἐπιδ.
1450 1853 1620 1908 (omisso

183 1916 313 1968 priore
338 1913 399 1968 et)
430 1914 536 1955 Flor.
571 1914 738 1967 Camp.3
781 1924 847 1953 aut
876 1914 1028 1954 habent
1056 1913 1182 1955 Amb.
1207 1920 1244 1956 1.
1276 1916 1437 1970 Turic.,
1477 1925 1620 1977 quide

183 1984 396 2022 omissione
424 1984 498 2023 τοῦ
528 1992 563 2021 et
592 1985 781 2034 silentur3
827 1981 936 2019 idem
962 1984 1176 2022 voluerunt
1207 1981 1339 2025 Guelf.
1371 1984 1468 2042 (qui
1497 1990 1621 2033 habet

184 2047 253 2103 ut)
285 2058 324 2089 et
353 2047 477 2089 Amb.
498 2054 565 2090 2.:
606 2047 946 2102 ἓγκωμιαστικονα
975 2059 1017 2087 ut
1045 2047 1106 2089 ἐπ.

299 2117 337 2167 §.
370 2122 435 2157 13.
492 2116 601 2156 mihi.
658 2115 774 2155 multi
806 2115 946 2169 Camp.
1061 2116 1410 2162 demonstrationis.
1464 2122 1621 2165 demon-

184 2186 394 2223 stravimus
431 2182 568 2224 Turio.
607 2198 629 2223 a
658 2199 718 2237 pr.
753 2198 832 2235 1n.;
896 2183 1193 2224 demonstrativi
1231 2185 1370 2242 Camp.
1497 2190 1622 2246 ἐγκω-

187 2253 400 2306 μιαστικῷ.
525 2249 651 2292 Amb.
676 2256 713 2290 1.
745 2253 880 2290 latinis
908 2253 1047 2291 litteris
1077 2257 1366 2296 encomiastico.

301 2321 336 2371 §.
370 2319 435 2358 14.
502 2317 704 2358 suadendi.
773 2315 911 2371 Camp·
953 2319 1134 2373 persuad.
1245 2321 1482 2379 plerumque.
1536 2326 1624 2380 ple—

194 2399 325 2438 raque.
355 2383 480 2424 Amb.
506 2390 542 2424 1.
665 2384 717 2423 Ut
744 2407 800 2415 -—-
827 2387 917 2426 sint.
976 2386 1034 2426 At
1062 2410 1118 2417 —-
1144 2398 1231 2427 sunt
1264 2388 1403 2444 Camp.
1505 2393 1624 2449 forte

192 2467 268 2491 non
296 2466 364 2491 σω.
411 2450 456 2507 f
488 2467 620 2490 nomen
648 2467 702 2490 εει*
721 2450 856 2492 Turio.
879 2467 902 2492 a
922 2467 1000 2494 sec.
1022 2469 1076 2493 m.
1137 2471 1212 2494 non
1233 2471 1312 2497 om.
1337 2461 1460 2497 etiam
1479 2458 1620 2516 Camp.

297 2528 523 2557 mutuantes.
591 2529 780 2557 mutantes
825 2521 982 2560 videtur
1022 2536 1102 2560 esse
1143 2524 1187 2561 in
1232 2527 1374 2564 nostris
1411 2531 1621 2583 omnibusr,

196 2582 328 2640 (certe
358 2586 494 2624 nullus
521 2584 811 2639 memoratur3)
840 2587 981 2640 diserte
1010 2589 1171 2628 affertur
1198 2593 1358 2643 vulgata
1389 2608 1410 2631 e
1438 2593 1561 2636 Paris.
1583 2602 1621 2639 1.

196 2657 235 2692 2.
256 2652 294 2691 4.
328 2650 465 2705 Cfflnp.
525 2651 615 2706 [Cf.
646 2655 766 2707 praef.
793 2653 891 2694 Vol.
911 2653 944 2696 I.
975 2670 1064 2708 pag.
1086 2653 1340 2699 LXXXIV.
1399 2658 1455 2701 At
1473 2674 1622 2702 mutare

198 2720 319 2759 etlam
346 2730 492 2760 vertere
527 2734 582 2760 ex
619 2736 692 2762 uno
733 2724 773 2761 in
809 2721 971 2763 alterum
999 2739 1208 2764 sermonem
1223 2727 1442 2779 significare
1459 2728 1622 2773 Forcel-
