1775 3091
188 233 268 271 326
623 230 896 285 Supplemenia
924 232 1186 271 annotationis

191 341 303 382 Sich.
433 346 530 382 veri.
606 342 673 383 Sic
715 344 837 382 etlam
874 328 983 384 Florss
1025 358 1048 383 a
1084 359 1141 398 pr.
1181 357 1238 384 m.
1306 341 1389 385 Sed
1425 341 1551 386 Amb.
1593 348 1632 386 1.

194 425 294 451 vere,
410 410 564 450 similis.
620 408 726 449 Flor.
756 426 779 449 a
797 426 854 464 pr.
875 426 930 454 111.
958 410 1136 451 similium

757 531 794 576 C
824 547 853 575 A
886 551 925 577 Β.
984 533 1074 576 III.

248 637 251 639 -
301 613 332 663 ξ.
365 616 399 650 1.
456 626 554 664 quae
579 635 636 642 —
652 611 812 666 judicis,
868 611 986 655 Voss.
1013 621 1050 656 2.
1091 631 1127 670 q.
1160 616 1241 654 risu
1265 612 1494 668 j.Tu1·ic.
1524 627 1548 653 a
1578 628 1638 666 pr.

189 693 245 719 m.
275 678 392 718 Ahn.
421 681 576 731 quaeris
608 690 650 718 ut
678 683 718 719 in
739 680 824 734 jud.
883 681 992 722 Flor.
1025 698 1048 721 a
1067 698 1126 736 pr,
1147 698 1201 722 m.
1231 698 1329 737 quae
1347 698 1406 720 res
1428 684 1468 720 in
1490 680 1635 735 judice.

276 747 497 785 intentione.
546 746 682 788 Turio.
711 763 733 786 a
753 764 809 802 pr.
830 764 884 790 m.
912 753 1169 804 intemptione,
1255 749 1490 805 frequenter.
1528 747 1562 788 F
1564 751 1638 787 lor.

193 829 216 852 a
243 829 302 866 pr.
332 828 388 854 m.
422 829 502 855 0111.
619 818 670 855 sit
711 826 848 856 autem.
905 815 1011 857 Flor.
1043 833 1081 857 α.
1113 834 1145 857 s.
1258 819 1444 857 maximi.
1501 816 1638 857 Turic-

189 881 380 921 mamime.
507 881 697 925 Graecae.
763 882 890 924 Ajnb.
935 889 973 926 1.
1019 883 1185 926 Graeca.
1250 883 1384 924 Turio.
1425 900 1448 923 a
1487 899 1546 937 pr.
1581 898 1638 922 m.

193 945 408 997 Graecam,
452 965 476 990 a
507 966 585 992 sec.
606 967 661 992 111.
695 951 879 994 Graecus.
995 951 1094 992 alter
1121 952 1216 994 Lat.
1271 951 1409 993 Turio.
1438 966 1460 991 a
1489 967 1550 1005 pr.
1580 965 1638 991 m.

187 1028 308 1055 mser.
340 1031 376 1054 α.

305 1083 341 1132 §.
371 1088 411 1123 2.
471 1082 551 1141 def
581 1086 660 1140 huj.
694 1105 746 1128 re.
807 1086 875 1128 Sic
905 1090 1028 1127 etiam
1056 1086 1162 1128 Flor.
1221 1086 1304 1128 Sed
1332 1085 1458 1126 Amb.
1482 1089 1520 1125 1.
1551 1083 1640 1124 Tu-

188 1151 259 1191 rio.
297 1165 321 1190 a
352 1167 409 1205 pr.
447 1167 503 1193 m.
547 1153 628 1210 def.
669 1155 759 1195 huic
795 1159 860 1196 rei.
984 1155 1106 1195 dicta.
1167 1153 1287 1195 Goth.
1317 1154 1449 1194 ducta.
1554 1169 1642 1196 mon

189 1216 344 1271 displic.
401 1217 541 1275 Camp.
571 1239 640 1262 nec
669 1223 709 1264 cl,
822 1227 945 1277 jocos.
992 1222 1116 1264 Amb.
1142 1228 1176 1263 1.
1207 1220 1347 1263 Turio.
1376 1220 1410 1263 F
1412 1225 1485 1262 lor.
1517 1220 1642 1264 Goth.

190 1283 329 1339 Camp.
360 1285 480 1328 locos.

302 1355 338 1403 §.
368 1360 406 1394 3.
466 1344 505 1395 in
528 1359 601 1410 ἰρε.
625 1366 673 1396 et.
733 1357 856 1399 Goth.
876 1368 914 1398 et
934 1362 974 1398 in
994 1361 1066 1412 ips·
1182 1357 1406 1412 qff'cctator.
1449 1355 1578 1398 Aan.
1603 1362 1640 1397 1.
1676 1385 1683 1395 .

190 1421 314 1459 etiam
345 1423 581 1476 officiatior.
640 1425 766 1466 labor.
816 1426 885 1466 Sic
921 1430 1041 1465 etiam
1067 1423 1189 1464 Amb.
1215 1431 1251 1464 1.
1283 1423 1392 1465 Flor.
1422 1423 1473 1478 (a
1490 1440 1567 1464 sec.
1587 1439 1639 1464 m.

189 1485 341 1541 laber).
454 1492 496 1528 in
525 1507 566 1529 co
596 1491 759 1532 videtur.
818 1492 886 1532 Sic
917 1496 1039 1531 etiam
1067 1490 1175 1531 Flor.

305 1555 342 1605 §.
375 1558 415 1595 4.
475 1556 584 1596 Nam
621 1569 657 1596 et
698 1561 749 1600 in.
816 1559 926 1600 Jens.
969 1568 1008 1598 et
1049 1559 1136 1597 edd.
1177 1566 1268 1596 ante
1307 1557 1406 1597 AJd.
1449 1561 1642 1597 omittunt

191 1629 239 1660 et.
355 1622 531 1662 altercat.
579 1623 702 1665 Goth.
734 1626 826 1680 (hic
857 1636 896 1665 et
920 1624 1182 1679 plerumque)
1214 1624 1349 1678 Camp.
1378 1625 1558 1665 altr-icat.

191 1690 411 1742 quisquam.
470 1690 606 1731 Turio.
642 1708 663 1732 a
693 1709 754 1746 pr.
785 1708 842 1732 m.
872 1691 981 1732 Flor.
1015 1695 1186 1746 quisque.
1286 1695 1375 1746 ipsa
1402 1691 1486 1732 illa..
1529 1692 1641 1733 Sich.

192 1759 313 1794 etiam
343 1757 414 1795 illa
444 1760 543 1812 ipsa.
656 1763 721 1800 sit.
782 1758 917 1801 Guelf.
950 1763 1038 1799 sim.
1153 1758 1202 1798 αἶ)
1232 1775 1292 1798 ον.
1322 1759 1459 1815 rzonf.
1513 1759 1639 1802 Amb.

192 1827 231 1862 1.
272 1828 421 1865 omittit
462 1843 560 1876 non,
608 1829 679 1867 sed
719 1843 796 1870 sec.
835 1843 890 1868 m.
931 1829 1074 1879 adjecit
1114 1843 1190 1866 non
1228 1835 1321 1867 ante
1357 1826 1422 1867 ab.
1559 1827 1640 1869 sed.

190 1887 326 1932 Guelf.
362 1903 409 1932 ct.

306 1960 341 2009 §.
373 1967 412 2000 5.
477 1961 709 2018 Utinamque
740 1963 807 2003 lib,
869 1961 936 2002 Sic
968 1965 1090 2003 etiam
1117 1961 1243 2003 Amb.
1273 1967 1309 2003 1.
1339 1961 1447 2002 Flor.
1549 1961 1639 2004 libr.

190 2024 294 2066 eclicl.
355 2027 491 2082 Camp.
523 2030 581 2070 etl.
613 2030 640 2071 ἶ.
755 2042 834 2069 ires
864 2031 951 2072 hac.
1000 2030 1137 2071 Turio.
1169 2046 1192 2070 a
1221 2046 1280 2083 pr.
1309 2046 1364 2069 m.
1393 2032 1466 2068 tris
1497 2046 1556 2071 ac.

191 2094 450 2136 indulsissent.
513 2096 648 2138 Guelf.
679 2097 958 2138 incluloeisscnt.
1075 2098 1274 2151 eligendis.
1327 2096 1463 2137 Guelf.
1494 2097 1645 2150 elegen-

193 2159 266 2201 dis.
384 2166 651 2217 conger-omlis,
711 2164 842 2206 Guels.
874 2169 1173 2219 congregandis,
1290 2165 1473 2217 objectus.
1530 2164 1642 2206 Flor.

192 2229 374 2282 abjectus.
436 2233 547 2272 Sich.
580 2236 701 2272 etiam
730 2241 776 2272 ut
808 2234 871 2273 ed.
1002 2244 1043 2274 ut
1074 2236 1113 2272 in
1142 2235 1259 2273 omni.
1317 2232 1454 2273 Turio.
1486 2236 1545 2272 uti
1571 2250 1644 2273 no-

189 2312 297 2347 men,
354 2314 376 2337 a
410 2315 487 2340 sec.
515 2315 569 2341 m.
601 2316 694 2340 cum
724 2298 855 2340 Guelf.
887 2302 947 2339 uti
976 2303 1151 2340 nominis.
1202 2298 1344 2354 Camp.
1376 2303 1501 2345 utiin
1523 2303 1642 2341 omni.

304 2367 339 2417 §.
373 2372 410 2406 6.
468 2384 658 2408 summam
689 2370 755 2408 rei.
811 2367 936 2409 Amb.
976 2373 1013 2409 1.
1055 2371 1110 2407 rei
1136 2384 1300 2407 summa,
1416 2367 1639 2407 ridiculum.

190 2432 327 2473 Turio.
361 2434 541 2475 ridiculo.
636 2435 809 2493 falsum.
858 2435 967 2476 Jens.
984 2434 1254 2493 falsumque..
1320 2444 1376 2474 est
1404 2435 1485 2474 ind.
1531 2434 1640 2474 Jens.

191 2509 231 2539 et
260 2503 349 2542 edd.
380 2516 495 2541 meae
525 2518 664 2542 01111165
693 2517 747 2543 ex
776 2501 856 2542 ind.
972 2507 1124 2543 ratione
1161 2501 1304 2556 aliqua.
1362 2501 1498 2543 Turio.
1529 2517 1551 2541 a
1576 2516 1636 2554 pr.

191 2583 246 2608 ln.
278 2573 469 2609 rationem
500 2570 684 2625 aliquam.
806 2581 921 2609 motu.
980 2569 1118 2610 Turio.
1150 2580 1262 2608 metu.

305 2635 457 2687 [Quod
503 2636 760 2690 Spaldjngius
819 2638 913 2676 dicit
960 2639 1238 2692 reponendum
1281 2651 1361 2675 esse
1413 2636 1538 2673 nescio
1587 2647 1638 2670 are

192 2703 471 2756 inenarrabili,
522 2705 565 2744 id
602 2708 780 2745 maxime
822 2705 989 2745 dubium
1026 2707 1072 2745 fit
1109 2719 1161 2746 ex
1204 2706 1324 2758 ipsius
1363 2710 1459 2742 nota
1488 2700 1538 2740 ad
1567 2700 1638 2740 lib.
