1775 3091
228 228 307 264 320
676 224 948 281 Supplementa
978 226 1240 265 annotationis

341 338 378 390 ξ.
411 343 449 379 5.
509 340 621 379 enim.
663 336 786 378 Amb.
804 343 841 378 1.
865 340 983 389 anim,
1006 352 1029 377 a
1051 353 1129 379 sec.
1147 353 1204 379 m.
1230 353 1324 381 cum
1337 338 1474 383 Turio.
1498 354 1521 380 a
1540 355 1599 395 pr.
1616 356 1671 382 m.

224 408 358 447 animi.
471 407 654 463 qffi'ciunt.
701 405 827 446 Amb.
852 411 889 446 1.
926 405 1061 446 Turio.
1093 421 1115 444 a
1137 422 1197 459 pr.
1218 422 1273 446 m.
1297 408 1494 463 ffciant,
1541 407 1676 463 (quod

223 477 395 514 minime
424 470 734 529 spernendum).
789 473 897 514 Jens.
937 483 976 514 et
1006 475 1096 514 edd.
1129 483 1221 514 ante
1249 474 1350 514 Ald.
1383 477 1563 532 ffcictzt.

220 553 368 596 putent.
428 540 561 580 Turic-
612 555 635 580 a
672 556 731 594 pr.
770 556 825 582 m.
857 551 1009 596 putant.
1155 542 1260 597 quod
1296 542 1376 584 vol.
1444 542 1513 584 Sic
1553 546 1675 583 etiam

220 608 347 651 Amb.
387 614 424 648 1.

335 679 369 728 ᾧ.
402 680 440 715 6.
500 689 586 713 eum
617 677 756 715 irasci.
818 673 953 716 Guelf.
977 691 1056 717 om.
1079 693 1178 718 cum.
1292 680 1482 718 misereri.
1531 676 1670 731 Camp-

218 747 411 784 miserere.
528 746 598 796 agi
631 746 729 795 jam.
787 742 925 783 Turio.
958 759 993 783 a.
1025 761 1084 798 pr.
1115 760 1169 785 m.
1202 745 1364 798 agilam.
1473 748 1673 801 praecipi—

216 823 278 851 dat
308 814 469 851 animus.
526 810 653 851 Aan.
678 816 715 850 1.
744 814 937 866 praecipit
967 814 1131 852 animus.
1186 811 1276 852 Par.
1305 819 1342 854 1.
1364 819 1404 854 2.
1437 817 1556 853 etiam
1580 831 1672 868 prc-

217 882 288 918 mit
319 895 441 918 amor.
556 881 669 918 verit.
702 882 845 933 inquir.
904 879 993 919 Hoc
1037 881 1175 919 ordine
1213 883 1335 920 etiam
1361 879 1488 920 Amb.
1521 886 1557 920 1.

217 950 373 986 omittit.
432 946 500 987 Sic
533 950 654 987 etiam
685 946 810 987 Aan.
839 952 876 986 1.
908 947 998 988 Par.
1024 953 1061 988 1.
1173 959 1346 1002 possunt.
1406 947 1515 989 Jens.
1547 947 1670 988 Tarv-

213 1025 381 1070 posscnt.
496 1018 554 1054 ita
593 1031 753 1055 omnem.
812 1015 904 1055 Huc
943 1018 988 1054 iu
1017 1004 1180 1056 Veneta
1210 1032 1339 1056 errore
1371 1018 1450 1055 alia
1477 1031 1568 1070 pag.
1600 1017 1671 1055 de-

214 1086 297 1122 lata
326 1092 397 1122 est.

329 1153 366 1200 §.
398 1156 438 1191 7.
500 1167 548 1190 ac
574 1161 700 1191 testes.
760 1148 896 1192 Guelf.
929 1149 1053 1192 Goth.
1084 1161 1120 1189 et
1151 1162 1275 1191 testes.
1373 1153 1531 1203 egerint.
1579 1150 1669 1191 Tu-

213 1222 283 1259 ric.
317 1234 339 1258 a
358 1235 419 1272 pr.
440 1234 496 1259 m.
529 1229 699 1271 egerunt.
815 1222 991 1274 erumpit.
1051 1218 1176 1268 Amb.
1209 1225 1245 1259 1.
1279 1220 1418 1273 erupit.
1530 1218 1667 1272 palam

212 1288 335 1327 dicta.
396 1285 504 1327 Flor.
537 1286 676 1339 Camp.
709 1285 746 1325 ἅ.
762 1304 803 1340 p.
921 1304 1029 1342 opus.
1090 1285 1225 1327 Guelf.
1252 1289 1392 1341 operiS.
1506 1288 1665 1340 ingrata

212 1366 314 1395 sunt.
371 1353 498 1393 Aan.
525 1360 562 1393 1.
591 1354 728 1394 Turio.
754 1370 776 1393 a
795 1371 851 1408 pr.
871 1371 926 1395 m.
960 1359 1060 1408 ingr.
1091 1358 1181 1394 sint.

327 1422 363 1473 §.
397 1427 435 1461 8.
497 1438 612 1475 quam
643 1438 725 1461 nos,
783 1421 909 1462 Amb.
944 1428 981 1462 1.
1014 1421 1116 1476 quod
1145 1439 1234 1469 nos,
1291 1420 1400 1475 quod
1430 1423 1562 1474 ipsum
1590 1437 1665 1462 vo-

210 1493 342 1530 luerat
372 1488 643 1542 Spaldingius.
762 1499 883 1528 caret.
941 1488 1067 1527 Amb.
1100 1494 1136 1527 1.
1167 1488 1305 1527 Turio.
1346 1487 1455 1527 Flor.
1485 1504 1507 1528 a
1525 1505 1585 1542 pr.
1606 1505 1660 1529 m.

210 1558 338 1598 cadet.
456 1556 529 1596 illa
555 1555 654 1611 phil.
713 1554 821 1595 Flor.
854 1554 993 1609 Camp.
1020 1555 1087 1609 ph.
1120 1555 1180 1595 ill.
1294 1565 1350 1594 est
1379 1554 1502 1596 dicta.
1549 1555 1584 1596 F
1586 1560 1659 1597 lor.

209 1625 347 1678 Camp.
379 1624 417 1664 ἆ.
450 1642 480 1664 c.

324 1697 360 1744 §.
395 1698 434 1732 9.
493 1707 621 1731 omncs
650 1715 706 1722 —
736 1693 987 1730 continentur.
1044 1688 1167 1729 Amb.
1196 1696 1233 1729 1.
1266 1686 1374 1730 Flor.
1398 1693 1517 1730 etiam
1537 1695 1661 1731 omnis

205 1786 263 1794 —-
294 1762 522 1800 continetur.
656 1758 905 1799 voluntatem.
965 1756 1073 1798 Flor.
1110 1772 1269 1811 quoque
1299 1757 1547 1811 voluptatem.

206 1831 321 1870 lenes.
392 1825 526 1868 Guelf.
570 1826 680 1868 leves.
817 1829 1021 1880 imperare.
1096 1823 1204 1865 Flor.
1246 1840 1407 1880 quoque
1447 1829 1656 1881 inpetrare.

291 1896 631 1952 perturbationem.
691 1894 800 1935 Flor.
842 1894 933 1934 Par.
968 1899 1006 1934 1.
1038 1899 1078 1934 2.
1114 1892 1383 1948 perlationem.
1499 1895 1659 1935 benevo-

205 1967 378 2007 lentiam.
439 1962 573 2004 Guelf.
609 1961 732 2003 Goth.
764 1961 924 2002 benivol.
984 1959 1259 2015 [Graecorum
1283 1964 1404 2014 igitur
1427 1966 1654 2015 nominum,

205 2050 307 2090 quae
347 2032 601 2086 Spaldingius
641 2031 816 2083 Regium
839 2039 994 2069 secutus
1026 2030 1217 2068 excidisse
1246 2033 1413 2081 putavit,
1445 2034 1656 2083 vestigium

203 2106 247 2142 in
283 2104 425 2141 nostris
456 2102 566 2139 libris
596 2103 758 2138 nullum
789 2108 858 2138 est.
917 2097 1000 2137 Nec
1033 2112 1129 2150 opus
1160 2106 1218 2136 est
1247 2098 1415 2137 addere:
1454 2112 1550 2136 nam
1583 2099 1654 2138 hos

203 2181 242 2210 et
273 2170 362 2209 illos
391 2167 536 2218 Quint.
571 2169 673 2207 dixit
700 2165 846 2206 Latine
869 2180 939 2217 pro
967 2165 1040 2204 hoc
1070 2163 1259 2219 (πάθος)
1291 2174 1329 2204 et
1358 2164 1460 2203 illud
1490 2160 1653 2221 (ἦθος)

200 2254 334 2294 :neque
366 2237 529 2276 alterum
557 2260 614 2266 --
645 2234 807 2274 alterum
836 2234 885 2272 ad
912 2248 1041 2272 tmum
1070 2248 1219 2272 nomen
1247 2247 1337 2285 gen.
1358 2235 1536 2272 neutrius
1557 2249 1651 2286 per-

201 2310 318 2358 tinet,
350 2306 420 2345 sed
447 2308 490 2343 in
520 2307 752 2343 universum
782 2302 832 2339 ad
862 2301 940 2340 duo
970 2315 1117 2354 genera
1145 2302 1364 2340 affectumn
1392 2302 1592 2354 refertur]

316 2376 353 2425 §.
389 2379 454 2414 10.
510 2374 736 2428 peritorum.
793 2366 914 2408 Amb.
940 2374 977 2409 1.
1019 2367 1128 2408 Flor.
1167 2383 1190 2407 a
1218 2383 1295 2408 sec.
1326 2384 1381 2409 111.
1422 2372 1542 2409 etiam
1578 2387 1650 2424 per

200 2454 330 2491 tuum,
383 2457 406 2481 a
434 2456 493 2494 pr.
527 2455 581 2478 m.
624 2439 771 2478 deerat.
896 2435 1023 2487 Quod.
1083 2435 1191 2476 Flor.
1225 2438 1329 2490 quia.
1455 2436 1646 2478 accidere.

200 2509 322 2550 Amb.
360 2514 397 2549 1.
439 2508 576 2549 Turio.
610 2521 632 2544 a
660 2521 720 2559 pr.
751 2519 806 2544 m.
838 2503 1045 2557 'accedet-e.
1105 2501 1408 2556 Guelf.ladjicit
1437 2521 1533 2544 eam.

201 2581 435 2617 continuum.
507 2574 638 2616 Guelf.
679 2575 885 2614 continum.
1021 2570 1248 2612 desiderent.
1321 2570 1456 2624 Camp.
1495 2569 1646 2609 deside-

201 2656 307 2684 rant.
344 2681 347 2684 .
417 2646 556 2684 minus.
616 2642 752 2682 Turio.
785 2648 824 2679 et
853 2637 962 2680 Flor.
995 2654 1017 2679 a
1036 2655 1095 2693 pr.
1115 2655 1171 2679 m.
1200 2655 1348 2679 munus,
1452 2637 1494 2676 Izi
1523 2637 1645 2678 lenio-

203 2728 276 2753 res.
332 2711 400 2752 Sic
429 2714 550 2752 etiam
581 2709 693 2752 Sioh.
753 2706 813 2749 At
840 2706 968 2749 Amb.
992 2712 1028 2748 1.
1057 2707 1165 2748 Flor.
1194 2707 1258 2748 Ιιίο
1288 2706 1457 2746 leviores.
