1775 3091
271 265 326 300 20
705 257 812 312 Supp
818 255 977 296 lementa
1007 258 1268 297 annotationis

272 372 358 425 lpse
388 372 568 412 videatur
596 373 837 425 optimorum
865 370 979 416 codd,
1004 374 1239 424 scripturam
1267 371 1461 423 probasse.
1524 368 1711 409 Ceterum

273 439 380 478 nihil
409 448 488 489 est,
523 439 631 493 quod
660 437 820 490 Sal-pius
850 435 978 479 Anal.
1008 454 1046 491 p.
1079 443 1133 478 27
1180 439 1349 487 conjecit
1392 452 1490 490 quac
1529 436 1712 491 difficilia

275 515 364 544 sunt
411 520 481 559 pro
529 504 672 557 Quint.
723 520 820 558 quae
859 504 997 556 discit,
1052 507 1195 544 abusus
1233 506 1322 543 loco
1363 502 1623 544 Ciceroniana
1662 504 1712 542 de

278 571 395 621 Orat.
422 570 476 623 II,
507 578 561 613 22
604 574 673 626 qui
703 574 882 625 quamvis
910 575 1048 627 utique
1078 572 1158 611 huo
1188 574 1405 625 pertineat,
1453 586 1536 610 non
1573 580 1710 610 tamen

276 642 397 680 verba
425 654 584 694 quoque
613 641 836 691 praecipere
867 642 1048 691 videtur,
1081 642 1224 695 quibus
1257 637 1532 689 Quintilianus
1562 647 1709 677 utatur.

275 706 381 746 Nam
411 724 454 745 ea
485 722 581 760 quae
601 705 717 744 discit
739 721 860 759 puer,
895 711 1072 761 opposita
1091 716 1184 747 sunt
1204 709 1397 758 fortuitis,
1429 721 1531 761 quae
1549 707 1718 744 nolente>

276 778 463 827 magistro
495 772 699 826 arripian]

390 841 425 894 ᾗ.
461 846 501 881 2.
561 839 773 878 irrideatur
800 839 899 882 Tur.
928 857 950 880 a
969 856 1024 880 m.
1046 854 1148 891 sec.‚
1180 839 1299 881 Bodl.
1334 840 1472 894 Camp.
1504 837 1631 880 Palat.

279 924 354 948 non
380 911 490 962 prius
522 905 706 946 duxerim
735 907 824 948 edd.
858 911 1072 963 pleraeque
1100 917 1224 959 vett-3
1271 910 1372 947 aliae
1404 924 1480 947 non
1508 910 1711 947 omittunt,

279 975 452 1014 dixerim
482 977 575 1029 aliq.
608 975 722 1014 codd.
755 983 794 1014 et
823 975 912 1015 edd.

391 1044 427 1092 §.
462 1046 500 1081 3.
561 1045 844 1095 ingeniosorum
883 1041 983 1084 Obr.
1015 1040 1148 1083 Andr.
1181 1040 1280 1082 Tur.
1313 1055 1335 1081 a
1364 1056 1419 1082 m.
1451 1057 1552 1093 ερας
1606 1042 1715 1093 ing-e-

278 1112 429 1148 miorum
462 1107 560 1149 Tur.
606 1125 628 1148 a
656 1125 712 1149 m.
745 1124 827 1162 pr.‚
875 1109 1003 1151 Amb.
1035 1114 1072 1150 1.
1117 1119 1155 1148 et
1195 1112 1263 1148 alii
1298 1110 1408 1149 haud
1437 1110 1557 1149 dubie
1584 1111 1715 1147 multi.

361 1176 464 1215 velut
496 1190 573 1215 om.
606 1177 696 1216 edd.
729 1179 822 1231 aliq.
854 1185 947 1217 vett.
1031 1192 1217 1231 praeceps
1246 1176 1358 1217 Sich.
1389 1178 1433 1215 in
1466 1191 1591 1228 marg.
1612 1175 1714 1217 Ald.

279 1249 318 1285 2.
347 1241 445 1284 Cod.
478 1241 600 1284 Paris.
626 1249 663 1283 6.
1313 1240 1317 1242 Ἴ

395 1311 431 1360 §.
465 1311 504 1350 4.
558 1310 648 1367 ,illic
687 1325 766 1350 om.
810 1313 931 1350 etiam
973 1310 1112 1364 Cnmp.
1145 1310 1248 1353 Ald.
1282 1309 1393 1351 Sich.
1427 1308 1556 1350 Colin.
1585 1308 1713 1349 Palat.

278 1376 340 1416 illi
377 1375 499 1417 Paris.
538 1381 574 1417 1.
612 1383 649 1418 2.
745 1378 935 1433 quidquid
970 1379 1067 1417 illud
1103 1389 1190 1416 sunt
1226 1377 1330 1417 Flor.
1372 1378 1499 1430 (corr.
1529 1375 1716 1431 possunt)

281 1444 380 1484 Tur.
444 1443 675 1498 [Quidquid
705 1444 804 1483 illud
829 1457 989 1499 possunt
1018 1447 1084 1486 hic
1113 1449 1299 1485 tuebatur
1327 1444 1365 1485 J.
1396 1443 1461 1484 Fr.
1495 1442 1718 1484 Gronovius

281 1514 324 1549 in
349 1514 542 1564 prioribus
573 1513 622 1550 ad
653 1510 817 1551 Livium
844 1511 924 1563 IX,
958 1518 996 1564 3,
1031 1519 1081 1552 13
1112 1517 1215 1552 notis
1247 1512 1353 1565 (vid.
1387 1510 1718 1565 Drakenborch.)

283 1582 626 1633 componebatque
667 1580 776 1618 hunc
816 1583 950 1619 locum
991 1596 1085 1619 cum
1127 1584 1250 1619 altero
1301 1582 1405 1618 infra
1446 1577 1549 1627 XII,
1590 1584 1636 1630 6,
1676 1585 1716 1619 2.

280 1643 459 1696 Buttm]
573 1646 667 1685 hacc
697 1646 816 1686 vultu.
868 1662 915 1685 ac
943 1646 1050 1685 vultu
1085 1646 1224 1700 Camp.
1256 1644 1362 1685 Flor.
1393 1645 1490 1686 Tur.
1524 1661 1618 1686 am.
1636 1661 1714 1686 sec.

283 1709 356 1766 (in
385 1712 462 1752 hoc
489 1722 626 1752 tamen
652 1713 755 1768 hac)
788 1713 909 1754 Goth.
1159 1700 1166 1705 .

397 1780 433 1830 §.
468 1784 506 1820 5.
567 1782 743 1819 innuitur
779 1778 912 1821 Guelf.
943 1778 1044 1823 Ald.
1076 1780 1186 1822 sich.
1217 1783 1297 1821 am.
1373 1772 1555 1837 ‘fundunt
1586 1779 1715 1823 Amb.

285 1851 323 1886 1.
353 1848 460 1887 facili
491 1863 632 1887 errore.

396 1914 431 1966 §.
464 1919 501 1953 6.
557 1917 769 1969 perspiciat
807 1913 934 1956 Amb.
961 1920 997 1955 1.
1039 1914 1161 1962 Paris.
1198 1920 1235 1955 1.
1264 1915 1303 1955 4.
1369 1918 1586 1970 prospiciat
1615 1914 1714 1955 Tur.

282 1979 401 2021 Bodl.
432 1981 550 2021 Voss.
574 1988 613 2021 2.
646 1981 768 2021 Paris.
800 1989 838 2023 2.
867 1989 905 2023 3.
937 1982 1038 2023 Obr.
1153 1982 1412 2036 dedignantur
1442 1981 1560 2023 Bodl.
1593 1981 1714 2023 Goth.

285 2061 309 2086 a
337 2062 397 2100 pr.
428 2062 483 2087 m.
525 2045 662 2100 Camp.
694 2051 885 2101 probante
915 2047 1036 2088 Gesn.

400 2116 437 2163 §.
471 2119 509 2154 8.
570 2117 691 2168 quiete
722 2114 873 2153 alterna
900 2114 1036 2168 Camp.
1067 2115 1173 2155 Jens.
1204 2125 1243 2156 et
1273 2117 1362 2156 edd.
1394 2126 1556 2169 posterr.
1588 2131 1715 2171 usque

288 2181 339 2220 ad
368 2179 503 2233 Sich.;
537 2196 617 2221 acc.
650 2181 746 2222 Tur.
781 2181 885 2222 Flor.
914 2183 1040 2224 Amb.
1064 2188 1100 2222 1.
1157 2182 1226 2222 alt.
1249 2185 1371 2236 quiete
1400 2185 1488 2222 edd.
1519 2187 1717 2223 recentio-

287 2263 361 2287 res.
448 2250 654 2287 retinentur
689 2248 807 2290 Bodl.
849 2248 1005 2290 Almel.
1047 2248 1143 2289 Tur.
1173 2249 1279 2290 Flor.
1311 2250 1428 2290 Voss.
1452 2256 1492 2291 2.
1524 2249 1648 2291 Paris.
1677 2256 1714 2291 1.

291 2313 431 2368 Camp.
450 2314 557 2354 Jens.
583 2325 622 2356 et
641 2325 732 2356 cett.
751 2317 841 2356 edd.
867 2325 958 2355 ante
980 2315 1090 2356 Sich.
1104 2348 1115 2367 ‚
1144 2331 1230 2357 exc.
1253 2315 1379 2359 Aldo.
1470 2316 1715 2356 retenduntur

289 2384 392 2420 tueri
419 2383 575 2421 videtur
604 2381 730 2424 Amb.
754 2388 815 2434 1.,
868 2386 938 2437 qui
967 2386 1173 2422 retinentur
1203 2385 1323 2424 habet
1352 2399 1374 2424 a
1402 2399 1458 2424 m.
1490 2400 1566 2424 sec.
1598 2387 1716 2424 abra-

290 2451 340 2487 sis
372 2451 510 2488 litteris
538 2453 778 2502 originariis:
812 2449 1056 2489 retenduntur
1083 2454 1293 2492 manifesto
1323 2455 1367 2492 in
1392 2451 1527 2493 Floril.
1547 2451 1713 2493 Samen.

291 2524 329 2554 et
357 2515 476 2556 Paris.
507 2522 546 2556 2.
565 2522 609 2567 *3-

405 2584 440 2631 §.
476 2588 539 2622 10.
597 2583 718 2624 ullum
748 2588 868 2624 etiam
893 2583 1014 2625 Paris.
1040 2591 1076 2625 1.
1093 2618 1103 2637 ‚
1132 2587 1201 2627 sed
1225 2587 1334 2627 illum
1350 2587 1471 2628 Paris.
1494 2592 1533 2627 2.
1620 2602 1715 2640 pos-

293 2649 365 2685 sim
405 2649 493 2687 edd.
539 2659 628 2688 ante
662 2650 814 2702 Stoer.,
869 2667 955 2691 exc.
987 2651 1122 2705 Sich.;
1173 2657 1228 2693 ita
1258 2654 1354 2694 Tur.
1384 2653 1489 2693 Flor.
1522 2651 1648 2694 Amb.
1674 2658 1712 2694 1.

294 2711 414 2752 Goth.
445 2712 560 2754 Voss.
583 2721 620 2755 3.
651 2716 740 2757 Par.
766 2723 801 2757 1.
823 2723 861 2758 2.
883 2722 919 2758 6.
953 2717 1091 2773 Camp.
1187 2720 1358 2760 naturali
1385 2731 1458 2760 aet.
1490 2719 1549 2760 ill.
1571 2723 1712 2775 impetu
1755 2764 1756 2769 ¹
