1775 3091
253 328 332 363 118
676 320 951 377 Supplcmenta
993 324 1257 364 annotationis

253 434 400 475 dederit
437 437 575 476 inserit
613 438 734 475 etiam
770 433 879 476 Flor.
910 450 932 475 a
960 451 1019 490 pr.
1049 450 1133 489 m.;
1180 445 1310 478 ortum
1338 437 1496 479 videtur
1521 452 1543 477 e
1573 435 1692 490 dedit,

257 505 363 558 quod
393 507 512 557 paulo
543 511 630 556 post
658 504 845 556 sequitur.
905 538 908 540 ,

367 575 400 624 §.
432 577 498 611 20.
559 567 728 608 adulesc.
752 568 888 610 Turio.
912 569 1017 610 Flor.
1040 569 1162 612 Goth.
1198 581 1238 612 et
1261 575 1318 612 ita
1338 574 1421 611 fere
1441 587 1609 626 semper.

251 637 428 693 plerique
447 635 677 676 desiderant.
721 635 944 692 plerumque
973 637 1239 678 desiderantur
1268 638 1403 680 Turio.
1434 637 1542 680 Flor.
1573 637 1693 680 Bodl-

253 704 377 745 Amb.
403 710 438 744 1.
473 702 611 756 Camp.
642 702 775 744 Andr.
891 708 1003 745 omis.
1032 709 1168 746 sciens.
1200 705 1333 748 Guelf.

369 776 404 824 ξ.
434 776 502 812 21.
562 773 766 813 omisisset.
819 770 1004 826 Scripsit.
1062 784 1098 812 et
1127 777 1388 827 interponunt
1416 772 1553 815 Tmic.
1586 772 1694 814 Flor.

256 839 380 881 Amb.
412 845 450 880 2.
496 836 631 879 Guelf.
682 837 820 892 Camp.
865 855 956 879 cum
994 839 1111 880 Voss.
1146 845 1185 881 3.
1225 841 1347 882 Bern.
1472 840 1697 880 Stertinius.

257 910 481 947 stt-estinius
512 905 648 946 Turio.
674 904 780 946 Flor.
898 910 1133 947 accuratius.
1182 918 1364 947 accurate
1391 906 1512 948 Amb.
1534 914 1573 949 2.
1605 923 1698 948 cum

260 971 380 1014 Goth,
420 972 541 1013 Bern.
583 973 712 1015 Stoer.
744 972 913 1014 Chonet.
944 972 1085 1026 Leid.3
1137 984 1338 1028 receptam
1367 975 1476 1015 dedit
1505 972 1614 1016 Gibs.
1647 989 1699 1015 ex

258 1039 378 1081 Bocfl.
412 1039 501 1081 Bal.
532 1050 572 1081 et
600 1042 690 1082 edd.
719 1051 815 1082 vett.
929 1040 1098 1082 Laenas.
1156 1039 1218 1081 Ita
1245 1041 1370 1082 Amb.
1394 1046 1431 1081 1.
1551 1039 1599 1079 V
1595 1044 1700 1096 ergi-

258 1110 343 1147 nius
373 1118 430 1148 est
462 1111 581 1148 etiam
609 1105 654 1147 in
678 1108 786 1149 Flor.
810 1106 932 1148 Amb.
957 1114 992 1148 1.
1013 1115 1051 1149 2.
1082 1108 1205 1149 Paris.
1228 1115 1267 1150 2.
1293 1115 1330 1150 3.
1360 1108 1496 1162 Sich.,
1532 1118 1572 1148 et
1589 1109 1702 1148 haud

260 1175 378 1215 dubie
417 1175 580 1228 Turio„
631 1179 705 1216 etsi
741 1179 892 1217 siletur.
951 1174 1128 1229 Recepta
1168 1185 1224 1216 est
1261 1179 1303 1215 in
1332 1176 1456 1217 Paris.
1488 1181 1525 1217 1.
1558 1175 1699 1229 Camp.

347 1242 535 1288 Tutilius,
584 1241 644 1284 Ita
673 1247 794 1284 etiam
821 1243 946 1284 Amb.
970 1248 1007 1284 1.
1043 1242 1181 1297 Camp.
1243 1243 1414 1284 tutillius
1443 1244 1550 1284 Flor.
1612 1241 1700 1298 [Cf.

260 1308 469 1364 Supplem.
500 1313 543 1349 in
569 1313 694 1363 praef.
726 1310 822 1351 Vol,
845 1309 866 1350 I
894 1326 934 1364 p¹
955 1308 1242 1363 LXXXIV]
1360 1313 1485 1366 operis
1509 1321 1701 1351 auctores.
1774 1335 1775 1338 =

264 1389 351 1417 sunt
380 1394 511 1418 rursus
542 1381 762 1431 interponit
792 1377 930 1432 Camp.
1034 1378 1189 1436 forent.
1247 1388 1356 1417 erant
1385 1378 1496 1419 Sich.
1524 1381 1644 1419 solus.

374 1450 410 1498 ξ.
442 1452 510 1487 22.
569 1449 798 1499 scriptores.
847 1457 1024 1486 auctores
1053 1446 1205 1486 habent
1225 1448 1346 1486 etiam
1365 1445 1492 1486 Amb.
1515 1451 1555 1486 2.
1577 1444 1701 1486 Paris.

265 1516 303 1553 1.
324 1517 363 1553 2.
385 1518 423 1557 3.
457 1511 595 1569 Camp.
631 1511 732 1553 Obr.
762 1514 852 1553 fort.
883 1512 1009 1553 Amb.
1042 1519 1104 1565 1.3
1153 1516 1273 1553 etiam
1301 1513 1407 1554 Flor.
1438 1515 1589 1553 siletur.

265 1580 465 1634 cujusdam
494 1581 651 1619 videtur
679 1579 862 1633 sphalma
891 1590 1045 1620 nostrae
1077 1582 1196 1632 edit.‚
1243 1583 1314 1620 etsi
1342 1582 1450 1620 idem
1478 1581 1631 1633 reperio
1658 1581 1705 1618 in

265 1645 373 1688 Jens.
414 1645 513 1687 Loc.
538 1646 689 1699 'Ven,3
743 1656 833 1687 cett.
875 1663 1012 1688 omnes
1053 1651 1296 1702 cujusquam,
1344 1656 1498 1701 praeter
1535 1644 1704 1698 Aldum,

265 1717 336 1768 qui
365 1716 432 1754 dat
463 1717 642 1769 cuiquam
678 1729 769 1754 cum
805 1713 927 1755 Goth.
961 1715 1077 1755 Voss.
1099 1721 1138 1756 2.
1251 1714 1436 1769 plurium.
1493 1711 1556 1753 Ita
1584 1717 1705 1753 etiam

264 1779 388 1821 Paris.
415 1787 453 1823 2.
498 1780 663 1834 Camp.;
715 1785 803 1822 rell.
833 1785 1023 1833 silentur,
1075 1786 1196 1822 etiam
1222 1781 1346 1822 Aan.
1369 1788 1430 1830 1.,
1480 1795 1572 1820 cum
1602 1779 1704 1821 Obr.

266 1848 420 1888 dederit
447 1848 669 1903 plurimum.
726 1848 938 1903 plurimum
977 1853 1151 1890 retinent
1181 1848 1305 1889 Paris.
1331 1854 1369 1889 1.
1389 1852 1428 1889 5.
1545 1847 1705 1904 confero

266 1916 344 1955 inv.
395 1919 474 1956 inv.
499 1915 606 1974 conf'.
638 1915 777 1970 Camp.
892 1920 1087 1958 meruisse.
1130 1918 1386 1971 promeruisse
1412 1915 1522 1956 Jens.
1547 1923 1586 1955 et
1603 1923 1704 1969 post·

267 1992 358 2022 ante
389 1982 540 2033 Stoer.,
584 2000 671 2026 exo.
703 1983 814 2025 Sioh.
831 2014 843 2034 ,
885 1999 979 2025 cum
1007 1984 1152 2026 Joann.
1182 1983 1300 2025 Voss.
1324 1987 1362 2025 3.
1396 1981 1517 2024 Goth.

843 2105 880 2147 C
910 2121 938 2146 A
970 2122 1008 2147 12.
1067 2104 1128 2147 ΙΙ.

380 2181 612 2224 Inscribitur
646 2186 701 2225 sic
737 2187 782 2224 in
821 2182 947 2225 Amb.
971 2189 1008 2224 1.
1029 2188 1068 2225 2.
1110 2183 1244 2225 Turio.
1275 2183 1382 2225 Flor.
1416 2181 1548 2224 Guelf.
1582 2180 1704 2224 Goth.
1768 2207 1769 2222 ÷

269 2259 309 2291 et
346 2252 461 2304 edd.‚
510 2261 666 2306 praeter
705 2251 844 2304 Camp.
883 2250 995 2292 Obr.
1041 2249 1187 2293 Gesn.:
1239 2250 1352 2304 Quod
1397 2250 1531 2304 (Quid
1580 2248 1703 2292 Goth.
1766 2276 1767 2287 ÷

269 2316 407 2372 Jenss)
442 2322 599 2359 initium
631 2320 854 2360 rhetorices.

382 2390 417 2438 ξ.
446 2392 489 2428 ’1.
545 2403 671 2426 rerum
699 2396 780 2425 nat.
838 2396 920 2426 nat.
953 2403 1026 2426 rer.
1060 2384 1194 2427 Guelf.
1309 2386 1541 2441 acceperint.
1593 2399 1706 2424 acoe-
1762 2400 1763 2408 ¹

268 2464 407 2508 perunt
442 2453 548 2494 Flor.
589 2469 612 2494 a
648 2469 707 2508 pr.
749 2467 804 2492 m.
845 2451 956 2494 Alm.
993 2452 1119 2494 Amb.
1147 2459 1185 2494 1.
1301 2469 1500 2493 summam.
1558 2467 1707 2491 summa

273 2524 391 2560 etiam
424 2520 561 2574 Camp.
677 2535 826 2560 sumam
856 2519 992 2562 Turic.

385 2593 420 2641 §.
450 2595 490 2628 2.
545 2598 692 2643 putent.
741 2597 881 2642 putant
912 2586 1034 2630 Goth.
1066 2603 1158 2628 oum
1188 2585 1297 2627 Sich.
1413 2584 1517 2640 quod
1545 2586 1589 2624 ii.
1639 2587 1707 2639 qui

274 2653 319 2692 ki
348 2654 485 2708 Camp.
545 2655 650 2710 quod
667 2655 709 2693 hi
734 2653 860 2695 Amb.
887 2659 925 2695 1.
1040 2655 1294 2695 vocabantur.
1339 2652 1578 2693 vocabuntur
1596 2650 1703 2691 Flor.

275 2735 298 2758 a
327 2737 384 2773 pr.
416 2738 469 2762 m.
586 2724 646 2760 sui
682 2724 826 2775 gratia.
889 2737 951 2774 gr.
992 2725 1053 2762 sui
1092 2721 1232 2774 Camp.
1289 2721 1353 2758 sui
1388 2721 1561 2771 gratiam
1595 2717 1703 2758 Flor.

273 2785 409 2828 Turio.
477 2831 481 2835 ,
536 2792 786 2830 instituerint.
854 2792 1102 2830 instituerunt
1149 2786 1282 2829 Guelf.
1328 2787 1464 2839 Camp-
1594 2784 1704 2826 dicit.
