<?xml version="1.0" encoding="UTF-8"?>
<!DOCTYPE html PUBLIC "-//W3C//DTD XHTML 1.0 Transitional//EN"
    "http://www.w3.org/TR/xhtml1/DTD/xhtml1-transitional.dtd">
<html xmlns="http://www.w3.org/1999/xhtml" xml:lang="en" lang="en">
 <head>
  <title>
</title>
<meta http-equiv="Content-Type" content="text/html;charset=utf-8" />
  <meta name='ocr-system' content='tesseract 3.04.00' />
  <meta name='ocr-capabilities' content='ocr_page ocr_carea ocr_par ocr_line ocrx_word'/>
</head>
<body>
  <div class='ocr_page' id='page_1' title='image "./lexiconquintilia05bonnuoft_0442.png"; bbox 0 0 1775 3091; ppageno 0'>
   <div class='ocr_carea' id='block_1_1' title="bbox 235 272 1234 330">
    <p class='ocr_par' dir='ltr' id='par_1_1' title="bbox 235 272 1234 330">
     <span class='ocr_line' id='line_1_1' title="bbox 235 272 1234 330; baseline -0.002 -13"><span class='ocrx_word' id='word_1_1' title='bbox 235 281 314 317; x_wconf 72' lang='lat'><strong>386</strong></span> <span class='ocrx_word' id='word_1_2' title='bbox 671 272 945 330; x_wconf 73' lang='lat' dir='ltr'><strong>supplementa</strong></span> <span class='ocrx_word' id='word_1_3' title='bbox 972 275 1234 316; x_wconf 68' lang='lat' dir='ltr'><strong>annotationis</strong></span> 
     </span>
    </p>
   </div>
   <div class='ocr_carea' id='block_1_2' title="bbox 217 385 1681 2201">
    <p class='ocr_par' dir='ltr' id='par_1_2' title="bbox 221 385 1678 1187">
     <span class='ocr_line' id='line_1_2' title="bbox 349 385 1672 444; baseline -0.004 -14"><span class='ocrx_word' id='word_1_4' title='bbox 349 389 388 440; x_wconf 90' lang='lat'><strong>§.</strong></span> <span class='ocrx_word' id='word_1_5' title='bbox 419 392 487 430; x_wconf 84' lang='lat'><strong>37.</strong></span> <span class='ocrx_word' id='word_1_6' title='bbox 545 386 625 427; x_wconf 78' lang='lat' dir='ltr'><strong>alio</strong></span> <span class='ocrx_word' id='word_1_7' title='bbox 654 388 695 425; x_wconf 83' lang='lat' dir='ltr'><strong>in</strong></span> <span class='ocrx_word' id='word_1_8' title='bbox 722 386 847 427; x_wconf 78' lang='lat' dir='ltr'><strong>aliud.</strong></span> <span class='ocrx_word' id='word_1_9' title='bbox 895 385 1023 428; x_wconf 87' lang='lat' dir='ltr'><strong>Amb.</strong></span> <span class='ocrx_word' id='word_1_10' title='bbox 1051 393 1090 429; x_wconf 87' lang='lat'><strong>1.</strong></span> <span class='ocrx_word' id='word_1_11' title='bbox 1122 387 1203 428; x_wconf 80' lang='lat' dir='ltr'><strong>alio</strong></span> <span class='ocrx_word' id='word_1_12' title='bbox 1234 399 1347 444; x_wconf 75' lang='lat' dir='ltr'><strong>tropo</strong></span> <span class='ocrx_word' id='word_1_13' title='bbox 1379 390 1420 428; x_wconf 81' lang='lat' dir='ltr'><strong>in</strong></span> <span class='ocrx_word' id='word_1_14' title='bbox 1447 387 1587 436; x_wconf 71' lang='lat' dir='ltr'><strong>alium,</strong></span> <span class='ocrx_word' id='word_1_15' title='bbox 1634 396 1672 426; x_wconf 78' lang='lat' dir='ltr'><strong>et</strong></span> 
     </span>
     <span class='ocr_line' id='line_1_3' title="bbox 233 455 1674 511; baseline -0.002 -15"><span class='ocrx_word' id='word_1_16' title='bbox 233 465 367 510; x_wconf 84' lang='lat' dir='ltr'><strong>postea</strong></span> <span class='ocrx_word' id='word_1_17' title='bbox 407 467 540 509; x_wconf 78' lang='lat' dir='ltr'><strong>tropus</strong></span> <span class='ocrx_word' id='word_1_18' title='bbox 569 457 691 495; x_wconf 83' lang='lat' dir='ltr'><strong>abest.</strong></span> <span class='ocrx_word' id='word_1_19' title='bbox 817 466 851 494; x_wconf 80' lang='lat' dir='ltr'><strong>et</strong></span> <span class='ocrx_word' id='word_1_20' title='bbox 887 458 1066 495; x_wconf 64' lang='lat' dir='ltr'><strong>maa-ime</strong></span> <span class='ocrx_word' id='word_1_21' title='bbox 1101 458 1349 511; x_wconf 77' lang='lat' dir='ltr'><strong>improprius,</strong></span> <span class='ocrx_word' id='word_1_22' title='bbox 1403 455 1527 496; x_wconf 81' lang='lat' dir='ltr'><strong>Aan.</strong></span> <span class='ocrx_word' id='word_1_23' title='bbox 1564 460 1601 495; x_wconf 87' lang='lat'><strong>1.</strong></span> <span class='ocrx_word' id='word_1_24' title='bbox 1641 465 1674 492; x_wconf 77' lang='lat' dir='ltr'><strong>et</strong></span> 
     </span>
     <span class='ocr_line' id='line_1_4' title="bbox 233 521 1674 579; baseline -0.002 -16"><span class='ocrx_word' id='word_1_25' title='bbox 233 525 552 579; x_wconf 76' lang='lat' dir='ltr'><strong>improbissimus.</strong></span> <span class='ocrx_word' id='word_1_26' title='bbox 665 524 731 577; x_wconf 82' lang='lat' dir='ltr'><strong>qui</strong></span> <span class='ocrx_word' id='word_1_27' title='bbox 763 521 994 563; x_wconf 71' lang='lat' dir='ltr'><strong>Geniawrum</strong></span> <span class='ocrx_word' id='word_1_28' title='bbox 1027 523 1210 565; x_wconf 74' lang='lat' dir='ltr'><strong>Chirona.</strong></span> <span class='ocrx_word' id='word_1_29' title='bbox 1257 523 1382 564; x_wconf 71' lang='lat' dir='ltr'><strong>Ajnb.</strong></span> <span class='ocrx_word' id='word_1_30' title='bbox 1408 529 1446 564; x_wconf 89' lang='lat'><strong>1.</strong></span> <span class='ocrx_word' id='word_1_31' title='bbox 1475 526 1557 563; x_wconf 84' lang='lat' dir='ltr'><strong>sic:</strong></span> <span class='ocrx_word' id='word_1_32' title='bbox 1597 539 1674 577; x_wconf 79' lang='lat' dir='ltr'><strong>qua</strong></span> 
     </span>
     <span class='ocr_line' id='line_1_5' title="bbox 231 589 1675 644; baseline -0.002 -13"><span class='ocrx_word' id='word_1_33' title='bbox 231 594 489 631; x_wconf 70' lang='lat' dir='ltr'><strong>seientaurum</strong></span> <span class='ocrx_word' id='word_1_34' title='bbox 509 591 576 644; x_wconf 81' lang='lat' dir='ltr'><strong>qui</strong></span> <span class='ocrx_word' id='word_1_35' title='bbox 597 589 722 630; x_wconf 74' lang='lat' dir='ltr'><strong>hir-ori</strong></span> <span class='ocrx_word' id='word_1_36' title='bbox 740 602 795 629; x_wconf 69' lang='lat' dir='ltr'><strong>est</strong></span> <span class='ocrx_word' id='word_1_37' title='bbox 816 590 990 631; x_wconf 66' lang='lat' dir='ltr'><strong>boccona</strong></span> <span class='ocrx_word' id='word_1_38' title='bbox 1018 591 1185 631; x_wconf 66' lang='lat' dir='ltr'><strong>insulam,</strong></span> <span class='ocrx_word' id='word_1_39' title='bbox 1213 602 1379 644; x_wconf 76' lang='grc' dir='ltr'><strong><em>εΜψιασ</em></strong></span> <span class='ocrx_word' id='word_1_40' title='bbox 1402 591 1538 641; x_wconf 83' lang='grc' dir='ltr'><strong><em>Θοαο,</em></strong></span> <span class='ocrx_word' id='word_1_41' title='bbox 1574 605 1675 644; x_wconf 83' lang='lat' dir='ltr'><strong>quae</strong></span> 
     </span>
     <span class='ocr_line' id='line_1_6' title="bbox 232 657 1674 714; baseline -0.003 -15"><span class='ocrx_word' id='word_1_42' title='bbox 232 661 439 712; x_wconf 84' lang='lat' dir='ltr'><strong>insigniter</strong></span> <span class='ocrx_word' id='word_1_43' title='bbox 470 666 652 711; x_wconf 78' lang='lat' dir='ltr'><strong>corrupta</strong></span> <span class='ocrx_word' id='word_1_44' title='bbox 695 659 750 698; x_wconf 90' lang='lat' dir='ltr'><strong>sic</strong></span> <span class='ocrx_word' id='word_1_45' title='bbox 780 660 862 698; x_wconf 88' lang='lat' dir='ltr'><strong>fere</strong></span> <span class='ocrx_word' id='word_1_46' title='bbox 894 660 1144 699; x_wconf 86' lang='lat' dir='ltr'><strong>emendanda</strong></span> <span class='ocrx_word' id='word_1_47' title='bbox 1170 669 1294 713; x_wconf 87' lang='lat' dir='ltr'><strong>puto:</strong></span> <span class='ocrx_word' id='word_1_48' title='bbox 1335 662 1402 714; x_wconf 81' lang='lat' dir='ltr'><strong>qui</strong></span> <span class='ocrx_word' id='word_1_49' title='bbox 1440 657 1674 699; x_wconf 72' lang='lat' dir='ltr'><strong>Centaurum</strong></span> 
     </span>
     <span class='ocr_line' id='line_1_7' title="bbox 232 723 1676 780; baseline -0.001 -15"><span class='ocrx_word' id='word_1_50' title='bbox 232 726 447 765; x_wconf 80' lang='lat' dir='ltr'><strong>viriliorem</strong></span> <span class='ocrx_word' id='word_1_51' title='bbox 478 737 512 764; x_wconf 78' lang='lat' dir='ltr'><strong>et</strong></span> <span class='ocrx_word' id='word_1_52' title='bbox 544 725 725 764; x_wconf 73' lang='lat' dir='ltr'><strong>Ithacam</strong></span> <span class='ocrx_word' id='word_1_53' title='bbox 752 725 919 765; x_wconf 78' lang='lat' dir='ltr'><strong>insulam</strong></span> <span class='ocrx_word' id='word_1_54' title='bbox 944 723 1094 780; x_wconf 71' lang='grc' dir='ltr'><strong><em>νήσους</em></strong></span> <span class='ocrx_word' id='word_1_55' title='bbox 1121 726 1231 775; x_wconf 71' lang='grc' dir='ltr'><strong><em>θοὰς</em></strong></span> <span class='ocrx_word' id='word_1_56' title='bbox 1261 727 1410 767; x_wconf 73' lang='lat' dir='ltr'><strong>dicunt.</strong></span> <span class='ocrx_word' id='word_1_57' title='bbox 1466 726 1676 767; x_wconf 82' lang='lat' dir='ltr'><strong>Plutarch-i</strong></span> 
     </span>
     <span class='ocr_line' id='line_1_8' title="bbox 231 789 1677 848; baseline -0.002 -14"><span class='ocrx_word' id='word_1_58' title='bbox 231 797 341 834; x_wconf 86' lang='lat' dir='ltr'><strong>locus</strong></span> <span class='ocrx_word' id='word_1_59' title='bbox 356 789 413 833; x_wconf 65' lang='lat' dir='ltr'><strong>‘de</strong></span> <span class='ocrx_word' id='word_1_60' title='bbox 424 796 507 834; x_wconf 81' lang='lat' dir='ltr'><strong>vita</strong></span> <span class='ocrx_word' id='word_1_61' title='bbox 523 803 562 834; x_wconf 87' lang='lat' dir='ltr'><strong>et</strong></span> <span class='ocrx_word' id='word_1_62' title='bbox 572 797 682 847; x_wconf 57' lang='lat' dir='ltr'><strong>poesi</strong></span> <span class='ocrx_word' id='word_1_63' title='bbox 695 793 862 833; x_wconf 83' lang='lat' dir='ltr'>Homeri</span> <span class='ocrx_word' id='word_1_64' title='bbox 882 795 916 846; x_wconf 60' lang='grc' dir='ltr'><strong>ξ,</strong></span> <span class='ocrx_word' id='word_1_65' title='bbox 932 799 998 834; x_wconf 84' lang='lat'><strong>21.</strong></span> <span class='ocrx_word' id='word_1_66' title='bbox 1017 803 1056 833; x_wconf 82' lang='lat' dir='ltr'><strong>et</strong></span> <span class='ocrx_word' id='word_1_67' title='bbox 1074 797 1301 834; x_wconf 78' lang='lat' dir='ltr'><strong>universam</strong></span> <span class='ocrx_word' id='word_1_68' title='bbox 1311 797 1536 848; x_wconf 80' lang='lat' dir='ltr'>metalepsis</span> <span class='ocrx_word' id='word_1_69' title='bbox 1554 797 1677 832; x_wconf 81' lang='lat' dir='ltr'><strong>ratio—</strong></span> 
     </span>
     <span class='ocr_line' id='line_1_9' title="bbox 231 851 1676 917; baseline -0.001 -16"><span class='ocrx_word' id='word_1_70' title='bbox 231 876 327 901; x_wconf 88' lang='lat' dir='ltr'><strong>nem</strong></span> <span class='ocrx_word' id='word_1_71' title='bbox 351 870 391 901; x_wconf 82' lang='lat' dir='ltr'><strong>et</strong></span> <span class='ocrx_word' id='word_1_72' title='bbox 410 868 538 900; x_wconf 85' lang='lat' dir='ltr'><strong>unum</strong></span> <span class='ocrx_word' id='word_1_73' title='bbox 560 871 662 900; x_wconf 83' lang='lat' dir='ltr'><strong>certe</strong></span> <span class='ocrx_word' id='word_1_74' title='bbox 682 864 764 912; x_wconf 87' lang='lat' dir='ltr'><strong>ejus</strong></span> <span class='ocrx_word' id='word_1_75' title='bbox 786 851 1019 914; x_wconf 70' lang='lat' dir='ltr'><strong>exemplum</strong></span> <span class='ocrx_word' id='word_1_76' title='bbox 1038 865 1181 902; x_wconf 87' lang='lat' dir='ltr'><strong>melius</strong></span> <span class='ocrx_word' id='word_1_77' title='bbox 1204 877 1326 917; x_wconf 88' lang='lat' dir='ltr'><strong>quam</strong></span> <span class='ocrx_word' id='word_1_78' title='bbox 1345 864 1427 915; x_wconf 88' lang='lat' dir='ltr'><strong>ipse</strong></span> <span class='ocrx_word' id='word_1_79' title='bbox 1453 860 1676 913; x_wconf 81' lang='lat' dir='ltr'><strong>Quintilia—</strong></span> 
     </span>
     <span class='ocr_line' id='line_1_10' title="bbox 230 930 1672 984; baseline -0.002 -15"><span class='ocrx_word' id='word_1_80' title='bbox 230 945 306 970; x_wconf 87' lang='lat' dir='ltr'><strong>nus</strong></span> <span class='ocrx_word' id='word_1_81' title='bbox 327 931 523 983; x_wconf 82' lang='lat' dir='ltr'><strong>explicat,</strong></span> <span class='ocrx_word' id='word_1_82' title='bbox 562 944 698 984; x_wconf 85' lang='lat' dir='ltr'><strong>quem,</strong></span> <span class='ocrx_word' id='word_1_83' title='bbox 719 944 771 967; x_wconf 84' lang='lat' dir='ltr'><strong>ne</strong></span> <span class='ocrx_word' id='word_1_84' title='bbox 790 932 1002 969; x_wconf 83' lang='lat' dir='ltr'><strong>lectoribus</strong></span> <span class='ocrx_word' id='word_1_85' title='bbox 1022 933 1063 968; x_wconf 89' lang='lat' dir='ltr'><strong>in</strong></span> <span class='ocrx_word' id='word_1_86' title='bbox 1087 945 1199 969; x_wconf 84' lang='lat' dir='ltr'><strong>mora</strong></span> <span class='ocrx_word' id='word_1_87' title='bbox 1219 932 1316 981; x_wconf 85' lang='lat' dir='ltr'><strong>sim,</strong></span> <span class='ocrx_word' id='word_1_88' title='bbox 1342 930 1410 969; x_wconf 91' lang='lat' dir='ltr'><strong>hic</strong></span> <span class='ocrx_word' id='word_1_89' title='bbox 1433 930 1672 969; x_wconf 74' lang='lat' dir='ltr'><strong>describam:</strong></span> 
     </span>
     <span class='ocr_line' id='line_1_11' title="bbox 221 992 1678 1052; baseline -0.001 -15"><span class='ocrx_word' id='word_1_90' title='bbox 221 994 388 1052; x_wconf 67' lang='grc' dir='ltr'><strong><em>’Έτερος</em></strong></span> <span class='ocrx_word' id='word_1_91' title='bbox 415 995 567 1051; x_wconf 78' lang='grc' dir='ltr'><strong><em>τρόπος</em></strong></span> <span class='ocrx_word' id='word_1_92' title='bbox 585 995 693 1036; x_wconf 74' lang='grc' dir='ltr'><strong><em>ἐστὶν</em></strong></span> <span class='ocrx_word' id='word_1_93' title='bbox 721 992 746 1049; x_wconf 72' lang='grc' dir='ltr'><strong><em>ἦ</em></strong></span> <span class='ocrx_word' id='word_1_94' title='bbox 779 996 1005 1050; x_wconf 73' lang='grc' dir='ltr'><em>καλουμένη</em></span> <span class='ocrx_word' id='word_1_95' title='bbox 1038 994 1308 1050; x_wconf 75' lang='grc' dir='ltr'><strong><em>Μετᾶληψις,</em></strong></span> <span class='ocrx_word' id='word_1_96' title='bbox 1357 995 1489 1037; x_wconf 79' lang='grc' dir='ltr'><strong><em>κατὰ</em></strong></span> <span class='ocrx_word' id='word_1_97' title='bbox 1519 1010 1678 1037; x_wconf 82' lang='grc' dir='ltr'><strong><em>συνω-</em></strong></span> 
     </span>
     <span class='ocr_line' id='line_1_12' title="bbox 228 1059 1677 1120; baseline 0 -16"><span class='ocrx_word' id='word_1_98' title='bbox 228 1064 421 1117; x_wconf 85' lang='grc' dir='ltr'><strong><em>νυμίαν</em></strong></span> <span class='ocrx_word' id='word_1_99' title='bbox 448 1064 704 1117; x_wconf 81' lang='grc' dir='ltr'><strong><em>σημαίνουσα</em></strong></span> <span class='ocrx_word' id='word_1_100' title='bbox 736 1067 903 1119; x_wconf 70' lang='grc' dir='ltr'><strong><em>πρᾶγμα</em></strong></span> <span class='ocrx_word' id='word_1_101' title='bbox 942 1063 1224 1120; x_wconf 73' lang='grc' dir='ltr'><strong><em>διάφορον·</em></strong></span> <span class='ocrx_word' id='word_1_102' title='bbox 1275 1061 1361 1106; x_wconf 73' lang='grc' dir='ltr'><strong><em>οἷον</em></strong></span> <span class='ocrx_word' id='word_1_103' title='bbox 1400 1059 1579 1120; x_wconf 59' lang='lat' dir='ltr'><strong>(Odyssss</strong></span> <span class='ocrx_word' id='word_1_104' title='bbox 1610 1068 1677 1104; x_wconf 82' lang='lat'><strong>15.</strong></span> 
     </span>
     <span class='ocr_line' id='line_1_13' title="bbox 228 1131 622 1187; baseline 0 -13"><span class='ocrx_word' id='word_1_105' title='bbox 228 1131 339 1187; x_wconf 85' lang='lat'>299)</span> <span class='ocrx_word' id='word_1_106' title='bbox 618 1142 622 1144; x_wconf 58' lang='lat'><em>⁷</em></span> 
     </span>
    </p>

    <p class='ocr_par' dir='ltr' id='par_1_3' title="bbox 442 1193 1399 1256">
     <span class='ocr_line' id='line_1_14' title="bbox 442 1193 1399 1256; baseline 0.002 -16"><span class='ocrx_word' id='word_1_107' title='bbox 442 1197 594 1241; x_wconf 72' lang='grc' dir='ltr'><strong><em>’Ένθεν</em></strong></span> <span class='ocrx_word' id='word_1_108' title='bbox 622 1193 749 1240; x_wconf 71' lang='grc' dir='ltr'><strong><em>δ’·αὗ</em></strong></span> <span class='ocrx_word' id='word_1_109' title='bbox 779 1198 963 1254; x_wconf 73' lang='grc' dir='ltr'><strong><em>νήσοισιν</em></strong></span> <span class='ocrx_word' id='word_1_110' title='bbox 989 1200 1224 1256; x_wconf 67' lang='grc' dir='ltr'><em>ἐπιπροέηκε</em></span> <span class='ocrx_word' id='word_1_111' title='bbox 1253 1200 1399 1256; x_wconf 73' lang='grc' dir='ltr'><strong><em>θοῇσι·</em></strong></span> 
     </span>
    </p>

    <p class='ocr_par' dir='ltr' id='par_1_4' title="bbox 217 1265 1681 2201">
     <span class='ocr_line' id='line_1_15' title="bbox 227 1265 1676 1324; baseline 0 -16"><span class='ocrx_word' id='word_1_112' title='bbox 227 1266 418 1320; x_wconf 77' lang='grc' dir='ltr'><strong><em>βούλεται</em></strong></span> <span class='ocrx_word' id='word_1_113' title='bbox 459 1267 536 1323; x_wconf 78' lang='grc' dir='ltr'><strong>γὰρ</strong></span> <span class='ocrx_word' id='word_1_114' title='bbox 576 1271 754 1322; x_wconf 76' lang='grc' dir='ltr'><strong><em>σημῆναι</em></strong></span> <span class='ocrx_word' id='word_1_115' title='bbox 792 1267 868 1316; x_wconf 81' lang='grc' dir='ltr'><strong>τὰς</strong></span> <span class='ocrx_word' id='word_1_116' title='bbox 905 1270 1054 1324; x_wconf 78' lang='grc' dir='ltr'><em>κυρίως</em></span> <span class='ocrx_word' id='word_1_117' title='bbox 1091 1268 1221 1318; x_wconf 72' lang='grc' dir='ltr'><strong><em>ὀξείας</em></strong></span> <span class='ocrx_word' id='word_1_118' title='bbox 1262 1267 1475 1323; x_wconf 74' lang='grc' dir='ltr'><strong><em>λεγομένας</em></strong></span> <span class='ocrx_word' id='word_1_119' title='bbox 1502 1265 1676 1321; x_wconf 72' lang='grc' dir='ltr'><strong><em>νήσους·</em></strong></span> 
     </span>
     <span class='ocr_line' id='line_1_16' title="bbox 228 1334 1677 1393; baseline -0.001 -17"><span class='ocrx_word' id='word_1_120' title='bbox 228 1335 313 1376; x_wconf 69' lang='grc' dir='ltr'><strong>ἐπεὶ</strong></span> <span class='ocrx_word' id='word_1_121' title='bbox 345 1341 573 1388; x_wconf 76' lang='grc' dir='ltr'><strong><em>συνωνυμεῖ</em></strong></span> <span class='ocrx_word' id='word_1_122' title='bbox 596 1334 642 1377; x_wconf 83' lang='grc' dir='ltr'><strong>τὸ</strong></span> <span class='ocrx_word' id='word_1_123' title='bbox 670 1335 778 1378; x_wconf 72' lang='grc' dir='ltr'><strong><em>θοὸν</em></strong></span> <span class='ocrx_word' id='word_1_124' title='bbox 806 1340 866 1393; x_wconf 77' lang='grc' dir='ltr'><strong>τῷ</strong></span> <span class='ocrx_word' id='word_1_125' title='bbox 896 1336 982 1386; x_wconf 79' lang='grc' dir='ltr'><strong><em>ὀξεῖ</em></strong></span> <span class='ocrx_word' id='word_1_126' title='bbox 1005 1355 1041 1378; x_wconf 86' lang='grc' dir='ltr'><strong>κ.</strong></span> <span class='ocrx_word' id='word_1_127' title='bbox 1062 1354 1097 1378; x_wconf 86' lang='grc' dir='ltr'><strong>τ.</strong></span> <span class='ocrx_word' id='word_1_128' title='bbox 1121 1339 1156 1379; x_wconf 76' lang='grc' dir='ltr'><strong>λ.</strong></span> <span class='ocrx_word' id='word_1_129' title='bbox 1212 1337 1273 1377; x_wconf 90' lang='lat' dir='ltr'><strong>Eo</strong></span> <span class='ocrx_word' id='word_1_130' title='bbox 1302 1353 1418 1378; x_wconf 88' lang='lat' dir='ltr'><strong>versu</strong></span> <span class='ocrx_word' id='word_1_131' title='bbox 1439 1340 1539 1392; x_wconf 83' lang='lat' dir='ltr'><strong>quin</strong></span> <span class='ocrx_word' id='word_1_132' title='bbox 1559 1342 1677 1390; x_wconf 77' lang='lat' dir='ltr'><strong>po&#39;eta</strong></span> 
     </span>
     <span class='ocr_line' id='line_1_17' title="bbox 228 1402 1679 1459; baseline 0.001 -19"><span class='ocrx_word' id='word_1_133' title='bbox 228 1404 356 1456; x_wconf 87' lang='lat' dir='ltr'><strong>ipsam</strong></span> <span class='ocrx_word' id='word_1_134' title='bbox 376 1402 557 1457; x_wconf 76' lang='grc' dir='ltr'><strong><em>κραναὴν</em></strong></span> <span class='ocrx_word' id='word_1_135' title='bbox 579 1402 752 1457; x_wconf 72' lang='grc' dir='ltr'><strong><em>Ἰθάκην</em></strong></span> <span class='ocrx_word' id='word_1_136' title='bbox 780 1409 932 1446; x_wconf 87' lang='lat' dir='ltr'><strong>vocarit</strong></span> <span class='ocrx_word' id='word_1_137' title='bbox 964 1404 1115 1459; x_wconf 65' lang='grc' dir='ltr'><strong><em>νήσους</em></strong></span> <span class='ocrx_word' id='word_1_138' title='bbox 1141 1403 1274 1457; x_wconf 71' lang='grc' dir='ltr'><strong><em>θοὰς,</em></strong></span> <span class='ocrx_word' id='word_1_139' title='bbox 1315 1408 1398 1445; x_wconf 88' lang='lat' dir='ltr'><strong>sive</strong></span> <span class='ocrx_word' id='word_1_140' title='bbox 1428 1403 1558 1453; x_wconf 76' lang='grc' dir='ltr'><strong><em>ὀξείας</em></strong></span> <span class='ocrx_word' id='word_1_141' title='bbox 1584 1418 1679 1456; x_wconf 87' lang='lat' dir='ltr'><strong>pro-</strong></span> 
     </span>
     <span class='ocr_line' id='line_1_18' title="bbox 228 1469 1675 1525; baseline 0.001 -17"><span class='ocrx_word' id='word_1_142' title='bbox 228 1472 337 1523; x_wconf 83' lang='lat' dir='ltr'><strong>prie,</strong></span> <span class='ocrx_word' id='word_1_143' title='bbox 393 1469 453 1509; x_wconf 65' lang='lat' dir='ltr'><strong>ut&#39;i</strong></span> <span class='ocrx_word' id='word_1_144' title='bbox 488 1479 640 1510; x_wconf 76' lang='lat' dir='ltr'><strong>veteres</strong></span> <span class='ocrx_word' id='word_1_145' title='bbox 679 1474 912 1524; x_wconf 72' lang='lat' dir='ltr'><strong>interpretes</strong></span> <span class='ocrx_word' id='word_1_146' title='bbox 950 1476 1223 1525; x_wconf 81' lang='lat' dir='ltr'><strong>explicarunt,</strong></span> <span class='ocrx_word' id='word_1_147' title='bbox 1273 1474 1441 1512; x_wconf 88' lang='lat' dir='ltr'><strong>dubium</strong></span> <span class='ocrx_word' id='word_1_148' title='bbox 1480 1487 1565 1511; x_wconf 88' lang='grc'>11011</span> <span class='ocrx_word' id='word_1_149' title='bbox 1605 1479 1675 1510; x_wconf 85' lang='lat' dir='ltr'><strong>est.</strong></span> 
     </span>
     <span class='ocr_line' id='line_1_19' title="bbox 229 1535 1679 1594; baseline -0.001 -17"><span class='ocrx_word' id='word_1_150' title='bbox 229 1535 385 1577; x_wconf 85' lang='lat' dir='ltr'><strong>Eadem</strong></span> <span class='ocrx_word' id='word_1_151' title='bbox 414 1539 567 1576; x_wconf 85' lang='lat' dir='ltr'><strong>ratione</strong></span> <span class='ocrx_word' id='word_1_152' title='bbox 595 1540 628 1577; x_wconf 86' lang='lat' dir='ltr'><strong>si</strong></span> <span class='ocrx_word' id='word_1_153' title='bbox 657 1541 823 1578; x_wconf 84' lang='lat' dir='ltr'><strong>alteram</strong></span> <span class='ocrx_word' id='word_1_154' title='bbox 852 1555 1012 1594; x_wconf 87' lang='lat' dir='ltr'><strong>quoque</strong></span> <span class='ocrx_word' id='word_1_155' title='bbox 1041 1542 1121 1579; x_wconf 85' lang='lat' dir='ltr'><strong>loci</strong></span> <span class='ocrx_word' id='word_1_156' title='bbox 1149 1548 1304 1592; x_wconf 81' lang='lat' dir='ltr'><strong>partem</strong></span> <span class='ocrx_word' id='word_1_157' title='bbox 1332 1548 1437 1577; x_wconf 88' lang='lat' dir='ltr'><strong>recte</strong></span> <span class='ocrx_word' id='word_1_158' title='bbox 1466 1538 1679 1577; x_wconf 82' lang='lat' dir='ltr'>emendavi</span> 
     </span>
     <span class='ocr_line' id='line_1_20' title="bbox 234 1602 1677 1658; baseline 0 -15"><span class='ocrx_word' id='word_1_159' title='bbox 234 1602 468 1643; x_wconf 71' lang='lat' dir='ltr'><strong>Centaurum</strong></span> <span class='ocrx_word' id='word_1_160' title='bbox 506 1608 758 1658; x_wconf 83' lang='lat' dir='ltr'><strong>appellarunt</strong></span> <span class='ocrx_word' id='word_1_161' title='bbox 796 1610 939 1645; x_wconf 84' lang='lat' dir='ltr'><strong>comici</strong></span> <span class='ocrx_word' id='word_1_162' title='bbox 977 1605 1120 1645; x_wconf 86' lang='lat' dir='ltr'><strong>Graeci</strong></span> <span class='ocrx_word' id='word_1_163' title='bbox 1158 1607 1366 1645; x_wconf 85' lang='lat' dir='ltr'><strong>hominem</strong></span> <span class='ocrx_word' id='word_1_164' title='bbox 1402 1606 1677 1656; x_wconf 81' lang='lat' dir='ltr'><strong>libidinosum,</strong></span> 
     </span>
     <span class='ocr_line' id='line_1_21' title="bbox 229 1672 1679 1726; baseline 0.001 -17"><span class='ocrx_word' id='word_1_165' title='bbox 229 1673 326 1725; x_wconf 83' lang='lat' dir='ltr'><strong>peni</strong></span> <span class='ocrx_word' id='word_1_166' title='bbox 347 1672 527 1710; x_wconf 84' lang='lat' dir='ltr'><strong>deditum</strong></span> <span class='ocrx_word' id='word_1_167' title='bbox 541 1702 554 1721; x_wconf 84' lang='lat'><em>,</em></span> <span class='ocrx_word' id='word_1_168' title='bbox 592 1681 752 1725; x_wconf 85' lang='lat' dir='ltr'><strong>propter</strong></span> <span class='ocrx_word' id='word_1_169' title='bbox 770 1676 1052 1726; x_wconf 85' lang='lat' dir='ltr'><strong>synonymiam</strong></span> <span class='ocrx_word' id='word_1_170' title='bbox 1073 1672 1364 1713; x_wconf 74' lang='lat' dir='ltr'>Centaurorum</span> <span class='ocrx_word' id='word_1_171' title='bbox 1385 1676 1558 1712; x_wconf 88' lang='lat' dir='ltr'><strong>nominis</strong></span> <span class='ocrx_word' id='word_1_172' title='bbox 1577 1687 1679 1725; x_wconf 87' lang='lat' dir='ltr'><strong>gen-</strong></span> 
     </span>
     <span class='ocr_line' id='line_1_22' title="bbox 228 1739 1679 1796; baseline 0.001 -17"><span class='ocrx_word' id='word_1_173' title='bbox 228 1741 309 1779; x_wconf 80' lang='lat' dir='ltr'><strong>tilis</strong></span> <span class='ocrx_word' id='word_1_174' title='bbox 330 1747 369 1778; x_wconf 82' lang='lat' dir='ltr'><strong>et</strong></span> <span class='ocrx_word' id='word_1_175' title='bbox 392 1754 531 1778; x_wconf 89' lang='lat' dir='ltr'><strong>eorum</strong></span> <span class='ocrx_word' id='word_1_176' title='bbox 560 1742 629 1793; x_wconf 87' lang='lat' dir='ltr'><strong>qui</strong></span> <span class='ocrx_word' id='word_1_177' title='bbox 656 1742 809 1793; x_wconf 79' lang='grc' dir='ltr'><strong><em>ταῦρον</em></strong></span> <span class='ocrx_word' id='word_1_178' title='bbox 841 1743 1058 1780; x_wconf 70' lang='grc' dir='ltr'><strong><em>κεντοῦσιν.</em></strong></span> <span class='ocrx_word' id='word_1_179' title='bbox 1115 1740 1339 1793; x_wconf 82' lang='lat' dir='ltr'><strong>Hesychius</strong></span> <span class='ocrx_word' id='word_1_180' title='bbox 1370 1739 1598 1796; x_wconf 70' lang='grc' dir='ltr'><strong><em>Κένταυροι</em></strong></span> <span class='ocrx_word' id='word_1_181' title='bbox 1622 1766 1679 1773; x_wconf 91' lang='lat'><em>-</em></span> 
     </span>
     <span class='ocr_line' id='line_1_23' title="bbox 229 1804 1678 1863; baseline 0.001 -17"><span class='ocrx_word' id='word_1_182' title='bbox 229 1805 297 1846; x_wconf 81' lang='grc' dir='ltr'><strong>καὶ</strong></span> <span class='ocrx_word' id='word_1_183' title='bbox 321 1804 358 1846; x_wconf 79' lang='grc' dir='ltr'><strong>οἳ</strong></span> <span class='ocrx_word' id='word_1_184' title='bbox 381 1806 668 1861; x_wconf 75' lang='grc' dir='ltr'><strong><em>παιδερασταί·</em></strong></span> <span class='ocrx_word' id='word_1_185' title='bbox 708 1804 788 1846; x_wconf 82' lang='grc' dir='ltr'><strong>ἀπὸ</strong></span> <span class='ocrx_word' id='word_1_186' title='bbox 812 1811 886 1848; x_wconf 60' lang='lat' dir='ltr'><strong>‘coz‘</strong></span> <span class='ocrx_word' id='word_1_187' title='bbox 907 1805 1046 1863; x_wconf 73' lang='grc' dir='ltr'><strong><em>ὅῤῥου.</em></strong></span> <span class='ocrx_word' id='word_1_188' title='bbox 1109 1807 1171 1849; x_wconf 88' lang='lat' dir='ltr'><strong>Cf.</strong></span> <span class='ocrx_word' id='word_1_189' title='bbox 1197 1810 1248 1848; x_wconf 90' lang='lat' dir='ltr'><strong>ad</strong></span> <span class='ocrx_word' id='word_1_190' title='bbox 1269 1824 1363 1847; x_wconf 89' lang='lat' dir='ltr'><strong>eum</strong></span> <span class='ocrx_word' id='word_1_191' title='bbox 1388 1811 1525 1847; x_wconf 83' lang='lat' dir='ltr'><strong>locum</strong></span> <span class='ocrx_word' id='word_1_192' title='bbox 1548 1810 1678 1848; x_wconf 85' lang='lat' dir='ltr'><strong>inter-</strong></span> 
     </span>
     <span class='ocr_line' id='line_1_24' title="bbox 230 1875 1677 1930; baseline 0.001 -17"><span class='ocrx_word' id='word_1_193' title='bbox 230 1882 383 1928; x_wconf 82' lang='lat' dir='ltr'><strong>pretes,</strong></span> <span class='ocrx_word' id='word_1_194' title='bbox 427 1876 530 1913; x_wconf 72' lang='lat' dir='ltr'><strong>‘item</strong></span> <span class='ocrx_word' id='word_1_195' title='bbox 556 1889 588 1914; x_wconf 89' lang='lat' dir='ltr'><strong>s.</strong></span> <span class='ocrx_word' id='word_1_196' title='bbox 619 1889 657 1914; x_wconf 83' lang='lat' dir='ltr'><strong>v.</strong></span> <span class='ocrx_word' id='word_1_197' title='bbox 691 1878 854 1928; x_wconf 76' lang='grc' dir='ltr'><strong><em>ταῦρος.</em></strong></span> <span class='ocrx_word' id='word_1_198' title='bbox 903 1875 1043 1930; x_wconf 85' lang='lat' dir='ltr'><strong>Neque</strong></span> <span class='ocrx_word' id='word_1_199' title='bbox 1074 1879 1182 1915; x_wconf 86' lang='lat' dir='ltr'><strong>enim</strong></span> <span class='ocrx_word' id='word_1_200' title='bbox 1207 1879 1337 1930; x_wconf 89' lang='lat' dir='ltr'><strong>placet</strong></span> <span class='ocrx_word' id='word_1_201' title='bbox 1368 1876 1515 1915; x_wconf 86' lang='lat' dir='ltr'><strong>diutius</strong></span> <span class='ocrx_word' id='word_1_202' title='bbox 1543 1877 1586 1914; x_wconf 89' lang='lat' dir='ltr'><strong>in</strong></span> <span class='ocrx_word' id='word_1_203' title='bbox 1614 1875 1677 1915; x_wconf 84' lang='lat' dir='ltr'><strong>his</strong></span> 
     </span>
     <span class='ocr_line' id='line_1_25' title="bbox 229 1941 1679 1995; baseline 0 -13"><span class='ocrx_word' id='word_1_204' title='bbox 229 1943 428 1995; x_wconf 69' lang='lat' dir='ltr'><strong>spurcitiis</strong></span> <span class='ocrx_word' id='word_1_205' title='bbox 449 1943 608 1981; x_wconf 77' lang='lat' dir='ltr'><strong>versari.</strong></span> <span class='ocrx_word' id='word_1_206' title='bbox 724 1941 916 1982; x_wconf 76' lang='lat' dir='ltr'><strong>Laelium.</strong></span> <span class='ocrx_word' id='word_1_207' title='bbox 957 1942 1080 1984; x_wconf 86' lang='lat' dir='ltr'><strong>Amb.</strong></span> <span class='ocrx_word' id='word_1_208' title='bbox 1103 1949 1140 1985; x_wconf 89' lang='lat'><strong>1.</strong></span> <span class='ocrx_word' id='word_1_209' title='bbox 1173 1944 1334 1991; x_wconf 78' lang='lat' dir='ltr'><strong>aelium,</strong></span> <span class='ocrx_word' id='word_1_210' title='bbox 1363 1943 1431 1983; x_wconf 91' lang='lat' dir='ltr'><strong>sed</strong></span> <span class='ocrx_word' id='word_1_211' title='bbox 1448 1941 1679 1995; x_wconf 76' lang='grc' dir='ltr'><strong><em>μετάληψις</em></strong></span> 
     </span>
     <span class='ocr_line' id='line_1_26' title="bbox 230 2007 1678 2065; baseline 0.001 -17"><span class='ocrx_word' id='word_1_212' title='bbox 230 2010 275 2048; x_wconf 84' lang='lat' dir='ltr'><strong>in</strong></span> <span class='ocrx_word' id='word_1_213' title='bbox 295 2010 460 2048; x_wconf 82' lang='lat' dir='ltr'><strong>nomine</strong></span> <span class='ocrx_word' id='word_1_214' title='bbox 479 2007 641 2047; x_wconf 77' lang='lat' dir='ltr'><strong>Laelius</strong></span> <span class='ocrx_word' id='word_1_215' title='bbox 660 2011 716 2049; x_wconf 90' lang='lat' dir='ltr'><strong>sic</strong></span> <span class='ocrx_word' id='word_1_216' title='bbox 734 2010 891 2050; x_wconf 71' lang='lat' dir='ltr'><strong>videtur</strong></span> <span class='ocrx_word' id='word_1_217' title='bbox 914 2027 1027 2065; x_wconf 90' lang='lat' dir='ltr'><strong>posse</strong></span> <span class='ocrx_word' id='word_1_218' title='bbox 1047 2012 1230 2062; x_wconf 87' lang='lat' dir='ltr'><strong>defendi,</strong></span> <span class='ocrx_word' id='word_1_219' title='bbox 1269 2021 1337 2058; x_wconf 89' lang='lat' dir='ltr'><strong>ut,</strong></span> <span class='ocrx_word' id='word_1_220' title='bbox 1369 2026 1462 2050; x_wconf 83' lang='lat' dir='ltr'><strong>cum</strong></span> <span class='ocrx_word' id='word_1_221' title='bbox 1483 2013 1563 2061; x_wconf 90' lang='lat' dir='ltr'><strong>ejus</strong></span> <span class='ocrx_word' id='word_1_222' title='bbox 1584 2025 1678 2063; x_wconf 86' lang='lat' dir='ltr'><strong>per-</strong></span> 
     </span>
     <span class='ocr_line' id='line_1_27' title="bbox 232 2076 1681 2133; baseline 0.002 -19"><span class='ocrx_word' id='word_1_223' title='bbox 232 2084 400 2130; x_wconf 87' lang='lat' dir='ltr'><strong>petuum</strong></span> <span class='ocrx_word' id='word_1_224' title='bbox 428 2091 652 2130; x_wconf 83' lang='lat' dir='ltr'><strong>cognomen</strong></span> <span class='ocrx_word' id='word_1_225' title='bbox 681 2076 851 2130; x_wconf 84' lang='lat' dir='ltr'><strong>Sapiens</strong></span> <span class='ocrx_word' id='word_1_226' title='bbox 886 2081 1029 2130; x_wconf 82' lang='lat' dir='ltr'><strong>fuerit,</strong></span> <span class='ocrx_word' id='word_1_227' title='bbox 1076 2076 1235 2133; x_wconf 75' lang='lat' dir='ltr'><strong>prdpter</strong></span> <span class='ocrx_word' id='word_1_228' title='bbox 1263 2080 1545 2132; x_wconf 77' lang='lat' dir='ltr'><strong>synonymiam</strong></span> <span class='ocrx_word' id='word_1_229' title='bbox 1571 2078 1681 2119; x_wconf 76' lang='lat' dir='ltr'><strong>docti</strong></span> 
     </span>
     <span class='ocr_line' id='line_1_28' title="bbox 217 2145 1317 2201; baseline 0.004 -18"><span class='ocrx_word' id='word_1_230' title='bbox 217 2152 273 2197; x_wconf 69' lang='grc' dir='ltr'><strong>Ιεἴ</strong></span> <span class='ocrx_word' id='word_1_231' title='bbox 301 2145 488 2197; x_wconf 69' lang='lat' dir='ltr'><strong>sapientis</strong></span> <span class='ocrx_word' id='word_1_232' title='bbox 515 2146 600 2198; x_wconf 84' lang='lat' dir='ltr'><strong>ipse</strong></span> <span class='ocrx_word' id='word_1_233' title='bbox 631 2147 752 2184; x_wconf 76' lang='lat' dir='ltr'><strong>etimn</strong></span> <span class='ocrx_word' id='word_1_234' title='bbox 779 2147 889 2184; x_wconf 87' lang='lat' dir='ltr'><strong>nude</strong></span> <span class='ocrx_word' id='word_1_235' title='bbox 926 2146 1063 2186; x_wconf 72' lang='lat' dir='ltr'><strong>(loci-us</strong></span> <span class='ocrx_word' id='word_1_236' title='bbox 1084 2150 1317 2201; x_wconf 82' lang='lat' dir='ltr'><strong>appelletur.</strong></span> 
     </span>
    </p>
   </div>
   <div class='ocr_carea' id='block_1_3' title="bbox 347 2211 1676 2330">
    <p class='ocr_par' dir='ltr' id='par_1_5' title="bbox 347 2211 1676 2330">
     <span class='ocr_line' id='line_1_29' title="bbox 347 2211 1648 2268; baseline 0.003 -18"><span class='ocrx_word' id='word_1_237' title='bbox 347 2211 385 2261; x_wconf 89' lang='lat'><strong>§.</strong></span> <span class='ocrx_word' id='word_1_238' title='bbox 418 2216 485 2252; x_wconf 86' lang='lat'><strong>38.</strong></span> <span class='ocrx_word' id='word_1_239' title='bbox 545 2228 636 2251; x_wconf 81' lang='lat' dir='ltr'><strong>nam</strong></span> <span class='ocrx_word' id='word_1_240' title='bbox 654 2215 747 2266; x_wconf 83' lang='lat' dir='ltr'><strong>ejus.</strong></span> <span class='ocrx_word' id='word_1_241' title='bbox 785 2211 908 2254; x_wconf 80' lang='lat' dir='ltr'><strong>Amb.</strong></span> <span class='ocrx_word' id='word_1_242' title='bbox 932 2220 968 2254; x_wconf 88' lang='lat'><strong>1.</strong></span> <span class='ocrx_word' id='word_1_243' title='bbox 989 2216 1145 2254; x_wconf 78' lang='lat' dir='ltr'><strong>videtur</strong></span> <span class='ocrx_word' id='word_1_244' title='bbox 1166 2224 1205 2254; x_wconf 83' lang='lat' dir='ltr'><strong>et</strong></span> <span class='ocrx_word' id='word_1_245' title='bbox 1220 2217 1303 2267; x_wconf 90' lang='lat' dir='ltr'><strong>ipse</strong></span> <span class='ocrx_word' id='word_1_246' title='bbox 1319 2216 1571 2268; x_wconf 77' lang='lat' dir='ltr'><strong>interponere</strong></span> <span class='ocrx_word' id='word_1_247' title='bbox 1591 2213 1648 2255; x_wconf 77' lang='lat' dir='ltr'><strong>id.</strong></span> 
     </span>
     <span class='ocr_line' id='line_1_30' title="bbox 347 2279 1676 2330; baseline 0.004 -13"><span class='ocrx_word' id='word_1_248' title='bbox 347 2279 383 2330; x_wconf 57' lang='grc' dir='ltr'><strong>ᾗ.</strong></span> <span class='ocrx_word' id='word_1_249' title='bbox 411 2283 479 2319; x_wconf 86' lang='grc'><strong>39.</strong></span> <span class='ocrx_word' id='word_1_250' title='bbox 504 2279 606 2318; x_wconf 75' lang='lat' dir='ltr'><strong>nihil</strong></span> <span class='ocrx_word' id='word_1_251' title='bbox 623 2282 887 2321; x_wconf 82' lang='lat' dir='ltr'><strong>enim—nisi.</strong></span> <span class='ocrx_word' id='word_1_252' title='bbox 919 2280 1043 2321; x_wconf 67' lang='lat' dir='ltr'><strong>Asnb.</strong></span> <span class='ocrx_word' id='word_1_253' title='bbox 1060 2288 1096 2322; x_wconf 85' lang='lat'><strong>1.</strong></span> <span class='ocrx_word' id='word_1_254' title='bbox 1119 2285 1156 2321; x_wconf 82' lang='lat' dir='ltr'><strong>in</strong></span> <span class='ocrx_word' id='word_1_255' title='bbox 1180 2281 1440 2320; x_wconf 77' lang='lat' dir='ltr'><strong>nisi—nihil.</strong></span> <span class='ocrx_word' id='word_1_256' title='bbox 1526 2282 1676 2323; x_wconf 75' lang='lat' dir='ltr'><strong>mediis.</strong></span> 
     </span>
    </p>
   </div>
   <div class='ocr_carea' id='block_1_4' title="bbox 233 2342 1698 2402">
    <p class='ocr_par' dir='ltr' id='par_1_6' title="bbox 233 2342 1698 2402">
     <span class='ocr_line' id='line_1_31' title="bbox 233 2342 1698 2402; baseline 0.004 -18"><span class='ocrx_word' id='word_1_257' title='bbox 233 2342 361 2385; x_wconf 85' lang='lat' dir='ltr'><strong>Amb.</strong></span> <span class='ocrx_word' id='word_1_258' title='bbox 391 2349 429 2386; x_wconf 89' lang='lat'><strong>1.</strong></span> <span class='ocrx_word' id='word_1_259' title='bbox 451 2346 659 2388; x_wconf 77' lang='lat' dir='ltr'><strong>comoedis.</strong></span> <span class='ocrx_word' id='word_1_260' title='bbox 718 2347 829 2388; x_wconf 81' lang='lat' dir='ltr'><strong>Haec</strong></span> <span class='ocrx_word' id='word_1_261' title='bbox 847 2352 1063 2402; x_wconf 83' lang='lat' dir='ltr'><strong>scripturae</strong></span> <span class='ocrx_word' id='word_1_262' title='bbox 1084 2352 1253 2390; x_wconf 81' lang='lat' dir='ltr'><strong>varietas</strong></span> <span class='ocrx_word' id='word_1_263' title='bbox 1273 2364 1357 2389; x_wconf 88' lang='lat' dir='ltr'><strong>non</strong></span> <span class='ocrx_word' id='word_1_264' title='bbox 1384 2357 1496 2389; x_wconf 85' lang='lat' dir='ltr'><strong>tanta</strong></span> <span class='ocrx_word' id='word_1_265' title='bbox 1525 2358 1601 2400; x_wconf 86' lang='lat' dir='ltr'><strong>est,</strong></span> <span class='ocrx_word' id='word_1_266' title='bbox 1630 2358 1698 2390; x_wconf 72' lang='lat' dir='ltr'><strong>utv</strong></span> 
     </span>
    </p>
   </div>
   <div class='ocr_carea' id='block_1_5' title="bbox 232 2415 1677 2807">
    <p class='ocr_par' dir='ltr' id='par_1_7' title="bbox 232 2415 1677 2807">
     <span class='ocr_line' id='line_1_32' title="bbox 233 2415 1673 2471; baseline 0.005 -20"><span class='ocrx_word' id='word_1_267' title='bbox 233 2415 316 2463; x_wconf 79' lang='lat' dir='ltr'><strong>ejus</strong></span> <span class='ocrx_word' id='word_1_268' title='bbox 357 2428 431 2466; x_wconf 86' lang='lat' dir='ltr'><strong>ope</strong></span> <span class='ocrx_word' id='word_1_269' title='bbox 467 2416 604 2453; x_wconf 89' lang='lat' dir='ltr'><strong>locum</strong></span> <span class='ocrx_word' id='word_1_270' title='bbox 638 2417 798 2468; x_wconf 84' lang='lat' dir='ltr'><strong>penitus</strong></span> <span class='ocrx_word' id='word_1_271' title='bbox 839 2427 1068 2471; x_wconf 86' lang='lat' dir='ltr'><strong>corruptum</strong></span> <span class='ocrx_word' id='word_1_272' title='bbox 1096 2420 1234 2456; x_wconf 83' lang='lat' dir='ltr'><strong>sanare</strong></span> <span class='ocrx_word' id='word_1_273' title='bbox 1274 2426 1313 2456; x_wconf 82' lang='lat' dir='ltr'><strong>te</strong></span> <span class='ocrx_word' id='word_1_274' title='bbox 1345 2432 1456 2470; x_wconf 89' lang='lat' dir='ltr'><strong>posse</strong></span> <span class='ocrx_word' id='word_1_275' title='bbox 1487 2418 1673 2458; x_wconf 85' lang='lat' dir='ltr'><strong>confidas.</strong></span> 
     </span>
     <span class='ocr_line' id='line_1_33' title="bbox 232 2478 1674 2536; baseline 0.003 -17"><span class='ocrx_word' id='word_1_276' title='bbox 232 2478 317 2520; x_wconf 85' lang='lat' dir='ltr'><strong>Nec</strong></span> <span class='ocrx_word' id='word_1_277' title='bbox 347 2481 451 2519; x_wconf 86' lang='lat' dir='ltr'><strong>mihi</strong></span> <span class='ocrx_word' id='word_1_278' title='bbox 479 2484 646 2535; x_wconf 85' lang='lat' dir='ltr'><strong>contigit</strong></span> <span class='ocrx_word' id='word_1_279' title='bbox 678 2492 723 2522; x_wconf 90' lang='lat' dir='ltr'><strong>ut</strong></span> <span class='ocrx_word' id='word_1_280' title='bbox 750 2485 974 2523; x_wconf 86' lang='lat' dir='ltr'><strong>remedium</strong></span> <span class='ocrx_word' id='word_1_281' title='bbox 996 2488 1246 2536; x_wconf 85' lang='lat' dir='ltr'><strong>invenirem,</strong></span> <span class='ocrx_word' id='word_1_282' title='bbox 1284 2485 1355 2524; x_wconf 90' lang='lat' dir='ltr'><strong>sed</strong></span> <span class='ocrx_word' id='word_1_283' title='bbox 1381 2487 1560 2524; x_wconf 79' lang='lat' dir='ltr'><strong>inveniet</strong></span> <span class='ocrx_word' id='word_1_284' title='bbox 1590 2487 1674 2524; x_wconf 83' lang='lat' dir='ltr'><strong>for-</strong></span> 
     </span>
     <span class='ocr_line' id='line_1_34' title="bbox 232 2551 1674 2605; baseline 0.003 -19"><span class='ocrx_word' id='word_1_285' title='bbox 232 2556 334 2587; x_wconf 79' lang='lat' dir='ltr'><strong>tasse</strong></span> <span class='ocrx_word' id='word_1_286' title='bbox 373 2551 406 2587; x_wconf 87' lang='lat' dir='ltr'><strong>si</strong></span> <span class='ocrx_word' id='word_1_287' title='bbox 434 2552 521 2603; x_wconf 87' lang='lat' dir='ltr'><strong>quis</strong></span> <span class='ocrx_word' id='word_1_288' title='bbox 558 2552 644 2600; x_wconf 84' lang='lat' dir='ltr'><strong>joca</strong></span> <span class='ocrx_word' id='word_1_289' title='bbox 673 2559 852 2590; x_wconf 85' lang='lat' dir='ltr'><strong>veterum</strong></span> <span class='ocrx_word' id='word_1_290' title='bbox 883 2555 1125 2592; x_wconf 87' lang='lat' dir='ltr'><strong>comicorum</strong></span> <span class='ocrx_word' id='word_1_291' title='bbox 1153 2551 1394 2592; x_wconf 83' lang='lat' dir='ltr'><strong>Latinorum</strong></span> <span class='ocrx_word' id='word_1_292' title='bbox 1421 2555 1464 2591; x_wconf 87' lang='lat' dir='ltr'><strong>in</strong></span> <span class='ocrx_word' id='word_1_293' title='bbox 1490 2559 1674 2605; x_wconf 86' lang='lat' dir='ltr'><strong>promptu</strong></span> 
     </span>
     <span class='ocr_line' id='line_1_35' title="bbox 233 2613 1675 2674; baseline 0.003 -22"><span class='ocrx_word' id='word_1_294' title='bbox 233 2613 368 2655; x_wconf 90' lang='lat' dir='ltr'><strong>habet.</strong></span> <span class='ocrx_word' id='word_1_295' title='bbox 428 2615 546 2667; x_wconf 84' lang='lat' dir='ltr'><strong>Quae</strong></span> <span class='ocrx_word' id='word_1_296' title='bbox 574 2617 705 2658; x_wconf 88' lang='lat' dir='ltr'><strong>adhuc</strong></span> <span class='ocrx_word' id='word_1_297' title='bbox 734 2621 782 2657; x_wconf 89' lang='lat' dir='ltr'><strong>ab</strong></span> <span class='ocrx_word' id='word_1_298' title='bbox 810 2619 1024 2660; x_wconf 83' lang='lat' dir='ltr'><strong>editoribus</strong></span> <span class='ocrx_word' id='word_1_299' title='bbox 1056 2622 1314 2673; x_wconf 85' lang='lat' dir='ltr'><strong>grammatica</strong></span> <span class='ocrx_word' id='word_1_300' title='bbox 1335 2620 1531 2674; x_wconf 89' lang='lat' dir='ltr'><strong>quaedam</strong></span> <span class='ocrx_word' id='word_1_301' title='bbox 1549 2621 1675 2657; x_wconf 87' lang='lat' dir='ltr'><strong>inter-</strong></span> 
     </span>
     <span class='ocr_line' id='line_1_36' title="bbox 233 2682 1677 2740; baseline 0.003 -21"><span class='ocrx_word' id='word_1_302' title='bbox 233 2685 400 2733; x_wconf 86' lang='lat' dir='ltr'><strong>pretatio</strong></span> <span class='ocrx_word' id='word_1_303' title='bbox 419 2692 570 2725; x_wconf 85' lang='lat' dir='ltr'><strong>tentata</strong></span> <span class='ocrx_word' id='word_1_304' title='bbox 592 2694 671 2736; x_wconf 83' lang='lat' dir='ltr'><strong>est,</strong></span> <span class='ocrx_word' id='word_1_305' title='bbox 704 2700 750 2725; x_wconf 85' lang='lat' dir='ltr'><strong>ea</strong></span> <span class='ocrx_word' id='word_1_306' title='bbox 766 2701 904 2726; x_wconf 85' lang='lat' dir='ltr'><strong>vereor</strong></span> <span class='ocrx_word' id='word_1_307' title='bbox 922 2702 973 2726; x_wconf 87' lang='lat' dir='ltr'><strong>ne</strong></span> <span class='ocrx_word' id='word_1_308' title='bbox 992 2702 1148 2740; x_wconf 83' lang='lat' dir='ltr'><strong>prorsus</strong></span> <span class='ocrx_word' id='word_1_309' title='bbox 1168 2690 1298 2727; x_wconf 85' lang='lat' dir='ltr'><strong>aliena</strong></span> <span class='ocrx_word' id='word_1_310' title='bbox 1314 2685 1379 2726; x_wconf 79' lang='lat' dir='ltr'><strong>sit.</strong></span> <span class='ocrx_word' id='word_1_311' title='bbox 1405 2682 1677 2738; x_wconf 40' lang='grc' dir='ltr'><strong><em>«Μετάληψις</em></strong></span> 
     </span>
     <span class='ocr_line' id='line_1_37' title="bbox 233 2749 1675 2807; baseline 0.006 -21"><span class='ocrx_word' id='word_1_312' title='bbox 233 2749 366 2799; x_wconf 84' lang='lat' dir='ltr'><strong>potius</strong></span> <span class='ocrx_word' id='word_1_313' title='bbox 392 2752 437 2789; x_wconf 85' lang='lat' dir='ltr'><strong>in</strong></span> <span class='ocrx_word' id='word_1_314' title='bbox 463 2754 584 2793; x_wconf 82' lang='lat' dir='ltr'><strong>verbo</strong></span> <span class='ocrx_word' id='word_1_315' title='bbox 614 2752 705 2794; x_wconf 82' lang='lat' dir='ltr'><strong>dica</strong></span> <span class='ocrx_word' id='word_1_316' title='bbox 733 2754 892 2795; x_wconf 80' lang='lat' dir='ltr'><strong>videtur</strong></span> <span class='ocrx_word' id='word_1_317' title='bbox 917 2756 1064 2804; x_wconf 83' lang='lat' dir='ltr'><strong>inesse,</strong></span> <span class='ocrx_word' id='word_1_318' title='bbox 1105 2758 1215 2807; x_wconf 83' lang='lat' dir='ltr'><strong>cujus</strong></span> <span class='ocrx_word' id='word_1_319' title='bbox 1236 2753 1525 2796; x_wconf 77' lang='lat' dir='ltr'><strong>Accusativum</strong></span> <span class='ocrx_word' id='word_1_320' title='bbox 1545 2751 1675 2795; x_wconf 79' lang='lat' dir='ltr'><strong>dicam</strong></span> 
     </span>
    </p>
   </div>
  </div>
 </body>
</html>
