1775 3091
222 230 303 268 416
680 227 952 284 Supplementa
982 229 1243 268 annotationis

223 343 396 394 appellat
416 339 591 394 Quintil.
611 340 691 392 IX,
725 342 766 392 4,
787 341 883 392 88.]
975 352 1101 380 tamen
1128 341 1321 396 partibus,
1373 341 1465 383 Par.
1500 347 1539 382 1.
1568 348 1608 384 2.
1637 353 1667 382 t.

218 412 392 462 parcius.
451 411 466 462 [
482 409 606 462 Apud
636 408 918 463 Spaldiugium
936 411 980 449 in
1000 418 1104 450 extr.
1123 418 1220 449 nota
1243 411 1379 450 critica
1399 411 1550 463 corrige
1575 407 1666 460 IX,

221 478 258 525 4,
287 479 402 530 111.]

334 547 370 595 §.
404 550 469 586 89.
530 543 813 584 admirabilem.
858 544 948 584 Par.
982 550 1021 585 1.
1054 551 1094 586 2.
1121 544 1354 586 mirabilem.
1426 545 1539 600 [Sed
1568 561 1664 586 eum.

220 611 431 651 Serranum
460 613 664 666 quendam
687 617 849 666 po'etam
879 611 1043 666 Sarpius
1064 611 1233 664 Quaest.
1253 614 1355 667 phil.
1376 628 1463 668 cap.
1481 610 1523 652 Π
1548 616 1667 653 inve-

218 683 377 733 stigavit
406 680 510 732 apud
541 678 729 720 Juvenal.
756 679 843 720 Sat.
874 685 915 731 7,
936 686 989 726 80
1006 713 1016 732 ‚
1058 684 1322 736 operibusque
1349 683 1504 732 beavit,
1563 695 1666 736 quae

219 747 350 786 adhuc
374 746 645 800 Calpurniana
664 748 929 789 habebantur.
980 747 1101 800 Cujus
1121 752 1338 788 levissimas
1357 752 1528 788 rationes
1548 764 1665 802 repe-

216 823 297 853 tere
320 815 417 868 quid
442 815 612 856 attinet?
663 815 723 857 Cf.
750 815 973 857 Baehrium
992 819 1036 855 in
1068 816 1233 856 historia
1262 819 1340 856 litt.
1368 815 1488 856 Rom.
1506 832 1546 869 p.
1567 820 1663 857 235.

216 880 476 937 Quamquam
505 899 654 922 nomen
684 887 850 937 alicujus
880 890 1020 938 po'etae
1050 886 1232 925 codicum
1249 887 1450 937 scripturis
1472 886 1665 924 contineri

214 965 298 989 non
320 965 392 1003 ego
418 951 694 1004 negaverim.]
1043 942 1063 952 s

330 1020 367 1068 §.
400 1024 465 1060 90.
529 1019 854 1059 annumerandus.
903 1019 993 1060 Par.
1029 1025 1066 1060 1.
1096 1026 1137 1062 2.
1162 1020 1390 1060 imitandus.

330 1088 366 1137 §.
401 1092 468 1127 91.
529 1086 688 1127 dormio.
731 1087 798 1127 Sic
830 1087 921 1127 Par.
955 1093 993 1130 1.
1049 1087 1217 1127 donatus
1244 1088 1335 1129 Par.
1358 1094 1398 1129 2.
1447 1086 1497 1143 (?
1560 1087 1665 1128 Nam

215 1156 321 1208 apud
359 1154 597 1194 Pottierirun
636 1158 736 1194 item
773 1155 862 1195 Par.
899 1160 936 1195 1.
965 1153 1150 1211 legitur).
1220 1156 1301 1196 Sed
1334 1160 1443 1196 locus
1480 1157 1665 1195 nondum
1724 1195 1728 1197 .

213 1232 371 1263 sanatus
391 1223 561 1263 videtur.
619 1221 764 1262 Malim
790 1234 938 1277 pacato
963 1226 1139 1277 imperio.
1232 1235 1456 1264 secesserat.
1508 1224 1596 1265 Par.
1625 1229 1664 1264 1.

211 1297 252 1332 2.
274 1302 525 1330 successerat.
609 1294 725 1344 gerit.
777 1289 844 1331 Sic
863 1291 953 1332 I'ar.
981 1297 1018 1331 1.
1038 1298 1078 1332 2.

324 1363 360 1411 ᾗ.
399 1364 464 1399 92.
518 1362 757 1412 praesit-ing.
805 1359 895 1400 Par.
922 1364 960 1399 1.
983 1364 1022 1400 2.
1041 1370 1184 1413 persir.

327 1430 364 1478 §0
397 1431 463 1465 93.
522 1442 670 1479 qnoque
691 1425 761 1465 Gr.
813 1426 880 1466 Sic
902 1426 993 1477 Par,
1018 1432 1056 1466 1.
1080 1433 1118 1467 2.

324 1495 359 1545 ᾗ.
394 1494 460 1532 94.
520 1491 607 1543 [De
638 1507 755 1531 versu
783 1492 1004 1531 Horatiano
1037 1503 1076 1531 et
1105 1494 1182 1533 hoc
1207 1497 1333 1533 nostri
1351 1497 1549 1547 scriptoris
1573 1497 1662 1533 loco

209 1566 297 1615 lege
319 1562 617 1600 subtilissimam
648 1558 714 1598 Fr.
736 1557 848 1612 Aug.
868 1559 1018 1601 VVolfii
1048 1561 1359 1613 disputationem
1387 1565 1433 1599 in
1453 1559 1662 1600 Analectis

210 1631 412 1670 litterariis
442 1630 536 1668 Vol.
560 1625 580 1665 I
605 1643 644 1679 p.
668 1631 747 1666 185
772 1626 882 1680 sqq.]
972 1627 1078 1664 Nam
1098 1627 1205 1667 eracl.
1257 1627 1324 1667 Sic
1342 1628 1432 1667 Par.
1459 1633 1495 1666 1.
1519 1634 1560 1668 2.

210 1697 332 1737 multo
352 1706 420 1735 est.
461 1695 551 1734 Par.
575 1699 615 1733 2.
636 1696 755 1733 inser.
780 1696 908 1734 ctiam.
966 1693 1057 1733 Par.
1073 1700 1111 1735 1.
1134 1694 1295 1733 multum
1316 1697 1431 1733 etiam
1452 1704 1520 1734 est.
1581 1693 1662 1748 [De

211 1764 449 1804 abnndantia
470 1761 567 1800 salis
587 1762 693 1800 nihil
719 1763 931 1812 docemur,
973 1777 1076 1816 quae
1105 1772 1241 1802 tamen
1272 1763 1383 1801 haud
1404 1763 1523 1801 dubie
1542 1765 1664 1802 etiam

205 1837 251 1873 in
272 1833 349 1872 hoc
369 1834 470 1871 libro
491 1839 561 1880 est,
588 1845 662 1868 nec
682 1833 774 1869 satis
793 1833 989 1883 intelligo,
1014 1831 1113 1885 quid
1128 1831 1334 1883 impediat,
1358 1833 1571 1884 quominus
1589 1833 1665 1870 tri-

207 1903 280 1940 bus
301 1901 534 1953 praegressis
553 1898 631 1937 hoc
654 1907 842 1952 quartum
863 1901 1156 1937 substantivum
1176 1898 1445 1951 adjtmgatur]
1535 1897 1589 1937 ad
1605 1921 1662 1929 —-

206 1985 345 2008 mores.
390 1968 480 2008 Par.
517 1973 554 2008 1.
589 1973 627 2008 2.
661 1969 737 2006 nisi
767 1966 879 2005 labor
914 1969 993 2019 ejus
1025 1982 1178 2017 amore,
1232 1968 1384 2020 [quam
1412 1968 1661 2021 reliquorum

208 2052 369 2091 quoque
409 2037 594 2075 codicum
629 2037 866 2087 scripturam
903 2034 1090 2088 equidem
1125 2049 1209 2073 non
1244 2035 1510 2074 dubitaverim
1535 2035 1660 2075 veteri

206 2108 457 2156 conjecturae
476 2106 690 2158 praeferre.
705 2103 720 2154 ]

321 2174 358 2221 §.
391 2178 458 2213 95.
517 2174 634 2210 eiiam
653 2194 710 2201 -—
729 2168 809 2208 secl.
869 2168 935 2208 Sic
956 2169 1046 2210 Par.
1069 2174 1107 2209 1.
1130 2176 1170 2211 2.

319 2241 358 2290 §.
391 2245 457 2280 96.
519 2238 595 2279 illi.
640 2241 729 2278 Par.
750 2243 791 2278 2.
811 2252 888 2276 sec.
911 2252 967 2276 m.
1001 2237 1067 2277 illc
1097 2236 1188 2277 Par.
1217 2242 1256 2277 1.
1333 2235 1526 2290 [Godofr.
1548 2235 1657 2275 Her-

203 2322 377 2347 mannus
419 2308 525 2360 apud
558 2306 842 2345 Frotscherum
881 2308 1003 2345 verba
1041 2307 1095 2344 sic
1128 2308 1317 2357 conjungi
1345 2307 1500 2344 voluit:
1549 2305 1658 2356 cujus

205 2376 402 2415 acerbitas
422 2378 461 2414 in
485 2374 654 2424 Camllo,
688 2372 896 2423 Bibaculo,
928 2373 1126 2423 Horatio,
1156 2389 1385 2426 quamquam
1406 2372 1468 2412 illi
1497 2371 1656 2424 (Hora-

202 2443 286 2497 tio)
318 2444 460 2498 epodos
478 2444 729 2492 interveniat,
762 2443 985 2494 reperietur.
1044 2441 1176 2480 Homo
1200 2440 1337 2479 doctus
1362 2442 1405 2478 in
1433 2439 1655 2492 Ephemer,¹

204 2508 367 2551 Jenens.
403 2527 436 2550 a.
471 2514 576 2550 1825
603 2524 673 2548 110.
696 2513 750 2549 72
781 2509 1037 2548 scribendum
1055 2511 1232 2562 putavit:
1276 2510 1382 2560 cujus
1400 2508 1594 2547 acerbitas
1615 2508 1654 2544 in

208 2575 384 2627 Catullo,
416 2577 638 2629 Bibacul05
680 2578 722 2615 in
740 2577 936 2625 Horatio,
980 2592 1211 2630 quamquam
1237 2575 1299 2615 illi
1328 2574 1470 2629 epodos
1489 2577 1655 2613 interve-

202 2647 283 2695 nit,
334 2662 409 2686 non
448 2644 697 2701 repet-ictum]
789 2641 1039 2699 felicissime.
1097 2642 1165 2683 Sic
1201 2643 1293 2684 Par.
1330 2648 1371 2684 2.
1400 2641 1653 2701 ferocissime

200 2710 290 2752 Par.
324 2717 362 2753 1.
