1775 3091
211 190 265 231 ..ι
295 190 457 245 (2122.er.
476 189 604 233 rastiz.
622 189 704 241 tx,
727 197 766 232 2.
789 189 1068 242 §.54-107,
1109 193 1148 230 3.
1171 189 1209 242 ς.
1233 193 1403 231 1—13.
1464 195 1544 233 395

212 306 248 359 ξ.
280 310 347 347 88.
406 308 446 345 in
461 316 588 360 patre.
620 304 687 346 Sic
707 304 798 346 Par.
819 310 859 344 2.
917 306 957 342 in
972 312 1126 358 patr-cm
1145 301 1236 345 Par.
1262 309 1301 344 1.
1387 303 1546 360 infiliO.

97 371 187 414 Par.
211 379 251 414 1.
281 375 322 413 in
338 372 490 429 filium.

208 441 246 492 §.
280 446 346 482 90.
391 443 450 497 fit
471 451 611 480 tamen.
648 439 739 480 Par.
763 443 801 480 1.
822 445 862 480 2.
892 441 1011 479 inser.
1043 441 1089 480 εἰ.

212 510 250 560 §.
283 514 350 550 91.
406 510 625 563 promittat.
656 505 725 546 Sic
745 505 836 546 Par.
862 511 900 546 1.
957 510 1158 559 permittat
1176 506 1319 549 Par.2.
1408 510 1546 557 anime,

96 575 210 616 (lura.
251 575 341 616 Par.
365 581 402 615 1.
428 578 546 614 inser.
567 573 696 614 hodie.
784 573 885 615 here.
929 572 998 614 Sic
1019 574 1109 614 I‘ar.
1133 582 1173 616 2.
1231 575 1319 614 heri
1338 574 1428 616 Par.
1456 582 1493 618 1.

207 645 243 695 §.
277 644 344 685 94.
404 645 439 681 si
455 642 624 699 fuerint.
655 640 723 683 Sic
743 640 835 682 Par.
864 646 902 682 1.
928 648 969 683 2.
1059 654 1130 695 est,
1161 645 1303 685 nescio.
1328 643 1420 686 Par.
1446 650 1482 684 1.
1507 651 1547 686 2.

30 759 36 767 ¹
95 712 214 751 inser.
238 721 296 750 ut.

209 779 246 832 §.
279 782 346 820 97.
406 776 656 831 intelligetur.
710 777 800 819 Par.
826 783 864 819 1.
889 783 930 821 2.
961 778 1168 820 indicetur.
1253 783 1350 834 agit.
1392 779 1482 821 Par.
1511 786 1552 823 1.

99 848 170 887 ait.

212 914 248 966 §.
284 918 376 955 100.
435 913 644 956 contendit.
686 912 755 955 Sic
785 913 876 955 Par.
908 919 948 955 1.
981 919 1022 957 2.
1117 917 1334 956 eaeuscitat.
1372 915 1440 957 Sic
1460 916 1551 958 Par.

103 987 141 1023 1.
170 987 210 1023 2.

213 1051 251 1101 §.
286 1055 381 1090 103.
440 1047 697 1104 [διαλλαγὴν
725 1065 868 1091 verum
890 1066 974 1091 esse
994 1053 1161 1107 nequit,
1193 1053 1388 1108 quoniam
1409 1050 1554 1093 Graeci

99 1120 211 1159 verbi
227 1133 364 1158 sensus
383 1121 558 1158 nimium
578 1133 600 1158 a
617 1116 766 1158 Latina
787 1119 1051 1174 descriptione
1073 1121 1221 1162 differt.
1252 1119 1378 1161 Amb.
1403 1125 1440 1161 1.
1464 1120 1556 1162 δια-

99 1201 250 1241 μαρην.
308 1185 489 1228 Fortasse
524 1184 768 1240 διαμονήν.]

214 1256 250 1308 §.
285 1259 380 1296 107.
426 1254 586 1312 ficiat.
627 1253 694 1295 Sic
717 1254 809 1296 Par.
838 1260 876 1295 1.
895 1261 938 1297 2.

670 1377 702 1419 C
733 1393 762 1419 A
794 1395 834 1420 Ρ.
892 1376 983 1419 III.

211 1461 249 1511 §.
286 1463 324 1497 1.
383 1457 460 1496 hac
479 1473 520 1494 re
536 1458 616 1496 inv.
643 1455 712 1498 Sic
730 1456 820 1498 Par.
846 1462 884 1498 6.
944 1458 1034 1496 huic
1056 1458 1112 1496 rei
1130 1458 1158 1498 ἰ.
1179 1456 1272 1499 Par.
1296 1463 1336 1499 2.

211 1525 248 1578 §.
279 1531 319 1566 2.
380 1522 653 1566 collocatione.
693 1523 762 1566 Sic
790 1523 882 1566 Par.
920 1530 959 1566 1.
987 1531 1029 1566 2.
1144 1527 1351 1568 orationis,
1391 1524 1483 1567 Par.
1518 1532 1557 1568 1.

100 1607 211 1634 omne
231 1591 464 1648 hujusmodi.

216 1662 254 1711 §.
287 1661 326 1699 4.
389 1659 492 1712 Qua.
529 1658 621 1699 Par.
647 1664 685 1698 1.
710 1664 748 1699 2.
772 1659 872 1711 Quo.

217 1731 255 1778 §.
287 1731 326 1768 5.
386 1728 582 1776 excitant.
624 1723 692 1766 Sic
712 1725 804 1766 Par.
828 1732 865 1766 1.

218 1796 255 1846 §.
288 1797 327 1833 6.
385 1804 540 1848 tamque
555 1810 696 1833 mares.
729 1792 797 1834 Sic
814 1793 903 1834 Par.
929 1798 967 1835 1.
1026 1805 1108 1835 tam
1128 1797 1228 1836 enim
1246 1795 1334 1837 Par.
1353 1803 1395 1839 2.
1482 1799 1562 1838 ini-

105 1865 262 1904 micum.
308 1860 398 1901 Par.
423 1866 461 1901 1.
484 1867 523 1901 2.
555 1863 748 1902 inimicos,

217 1933 254 1983 §.
288 1933 329 1969 7.
388 1931 571 1969 assentio.
616 1928 703 1970 Est.
750 1928 818 1970 Sic
839 1928 929 1971 Par.
954 1934 994 1972 1.

223 1998 262 2047 §.
293 2001 331 2037 8.
391 2012 445 2036 ex
470 1995 548 2036 div.
589 1996 658 2037 Sic
685 1997 776 2039 Par.
803 2003 842 2039 1.
862 2004 903 2040 2.
991 1998 1056 2040 hic
1085 2015 1124 2054 q.
1154 2016 1191 2040 n.
1221 1999 1329 2055 dign.
1371 1999 1440 2042 Sic
1468 2002 1560 2049 Par.

114 2071 151 2107 1.
184 2071 224 2106 2.

222 2135 259 2183 §.
291 2137 331 2173 9.
389 2131 438 2170 1η
456 2130 618 2171 Satura.
649 2131 716 2173 Sic
734 2132 824 2174 Par.
841 2138 878 2174 1.
892 2140 932 2175 2.
1016 2136 1246 2189 participio.
1276 2134 1345 2178 Sic
1364 2137 1455 2179 Par.
1473 2144 1510 2180 1.
1524 2145 1565 2180 2.

224 2201 261 2252 §.
296 2205 362 2240 10.
426 2198 615 2240 Virtutis.
653 2200 745 2242 Par.
778 2206 816 2242 1.
843 2207 882 2243 2.
910 2204 1050 2242 virtus.
1156 2203 1294 2246 multo.
1345 2204 1437 2247 Par.
1463 2211 1501 2247 1.
1523 2213 1564 2248 2.

114 2267 250 2309 multa.
336 2268 470 2308 scitus.
509 2267 577 2308 Sic
599 2268 693 2309 I'ar.
718 2274 757 2309 1.

229 2338 264 2385 ξ.
298 2339 363 2375 11.
423 2346 457 2373 et
480 2346 592 2391 temp.
626 2335 692 2377 Sic
711 2335 802 2378 Par.
830 2342 866 2378 1.
890 2343 930 2378 2.
1029 2347 1065 2376 et
1083 2348 1221 2381 status.
1254 2339 1323 2381 Sic
1341 2340 1434 2383 Par.
1459 2347 1498 2383 1.
1521 2348 1564 2384 2.

201 2404 331 2442 omnia
347 2418 503 2455 genera.
544 2403 612 2445 Sic
631 2403 723 2445 Par.
747 2409 785 2446 1.
805 2410 845 2446 2.

231 2470 268 2519 §.
305 2475 371 2510 12.
430 2487 580 2527 quoque
600 2482 668 2513 est.
708 2471 776 2514 Sic
809 2472 901 2514 Par.
923 2479 965 2514 2.
1022 2489 1056 2514 e.
1083 2490 1123 2529 q.
1156 2473 1247 2515 Par.
1273 2480 1312 2533 1.
1398 2478 1463 2517 cui
1492 2495 1568 2519 non

117 2536 336 2577 dissimilis.
386 2537 464 2578 Par
495 2545 534 2580 1.
563 2546 603 2581 2.
637 2556 724 2580 cum
750 2539 846 2582 diss.
878 2552 950 2582 est.
1065 2539 1280 2597 ἐξαλλαγὴ
1333 2542 1424 2586 Par.
1457 2550 1495 2587 1.
1525 2553 1568 2589 2.

119 2606 388 2658 Zeugmatum.

234 2674 272 2723 ξ.
303 2679 368 2713 13.
435 2672 487 2713 Ut
506 2691 605 2715 nunc
626 2675 783 2718 evaluit.
826 2675 917 2720 Par.
943 2683 980 2719 1.
1006 2684 1044 2719 2.
1066 2680 1214 2719 utinam
1237 2678 1352 2721 velut.
