1804 3091
245 257 335 292 XVI

244 364 447 398 correcto.
502 352 600 394 Huc
630 353 839 407 pertinent
877 365 931 392 ex
969 352 1144 406 integris
1186 351 1402 394 codicibus
1432 338 1683 407 Guelferhff-

243 443 367 476 tanus
407 431 641 487 Spaldingii
693 440 734 471 et
776 430 993 470 Parisinus
1032 434 1141 472 7724
1188 432 1278 470 sive
1319 429 1476 487 Regius
1516 431 1535 474 Ι
1573 432 1681 486 apud

243 511 515 559 Pomm-ium,
564 523 689 564 porro
720 508 912 549 lacunosi
942 507 1006 550 illi
1035 517 1076 549 et
1106 507 1206 550 olim
1237 507 1380 551 collati
1409 510 1682 560 pithoeanus,

241 588 495 629 Joannensis
524 589 633 642 apud
665 586 923 636 Gibsonum,
964 585 1168 628 Vossiani
1198 587 1217 629 l
1251 597 1293 628 et
1321 588 1382 629 III
1421 598 1463 628 ct
1493 587 1684 629 Beruen-

241 669 301 708 sis
338 667 445 721 apud
488 665 801 715 Buriniannum,
853 664 1033 706 Parisini
1074 668 1207 716 7719,
1241 670 1374 718 7720,
1409 671 1542 718 7721,
1573 671 1682 709 7722

241 748 331 788 sive
361 745 487 800 Regii
515 748 554 785 3.
580 750 621 785 4.
654 746 691 785 5.
722 746 762 793 6,
795 743 902 783 sicut
930 742 1157 785 Pottierius
1186 743 1388 800 appellat,
1420 747 1491 800 qui
1521 746 1683 801 disper-

240 840 310 867 sas
340 838 394 865 ex
430 825 487 864 iis
518 824 731 863 variantes
761 821 898 871 dedit,
931 820 1111 876 denique
1139 836 1287 863 recens
1317 823 1531 865 adhibitus
1562 822 1681 878 Spal-

239 904 463 958 dingianus
481 900 787 942 Ambrosianus
802 898 858 950 II,
887 900 938 940 de
969 901 1093 953 cujus
1112 914 1207 940 cum
1230 899 1561 955 Guelferbytano
1582 916 1681 942 con—

240 996 369 1024 sensu
399 990 460 1021 tot
490 987 636 1020 extant
667 992 869 1033 expressa
898 979 1091 1033 vestigia.
1150 978 1235 1019 Sed
1261 987 1400 1019 tamen
1421 979 1681 1022 infidelitatis

237 1075 322 1101 non
363 1068 426 1100 est
466 1058 579 1113 quod
618 1056 726 1097 hanc
774 1055 951 1097 classem
991 1054 1198 1097 librorum
1237 1071 1485 1112 arguamus:
1536 1067 1681 1099 contra

235 1139 431 1179 videntur
460 1134 524 1176 illi
553 1136 757 1189 propositi
796 1136 861 1175 sui
892 1133 1000 1175 fines
1029 1143 1145 1175 recte
1184 1148 1378 1185 servare,
1432 1149 1568 1190 neque
1613 1133 1681 1175 vel

235 1217 485 1258 erubescere
534 1215 647 1254 vitiis
696 1211 765 1253 vel
812 1212 1069 1254 insolescere
1120 1211 1256 1254 bonis.
1344 1213 1506 1254 verum
1555 1215 1682 1254 tertia

234 1294 383 1336 classis
412 1293 640 1342 librorum,
674 1305 925 1347 quamquam
956 1305 1010 1332 ex
1041 1289 1174 1332 altera
1202 1291 1350 1342 ducta,
1381 1293 1520 1333 denuo
1550 1293 1681 1332 inter-

233 1373 372 1429 polata
411 1381 500 1422 est,
550 1379 591 1411 et
631 1368 821 1425 plurimis
859 1368 986 1419 locis,
1035 1369 1108 1410 ubi
1148 1378 1190 1410 et
1219 1384 1323 1425 opus
1354 1384 1447 1411 esse
1477 1379 1519 1410 et
1547 1368 1679 1411 licere

233 1452 479 1501 videbatur,
518 1463 603 1489 non
633 1458 717 1489 tam
747 1446 936 1489 fidelium
967 1447 1236 1489 librariorum
1268 1462 1394 1503 quam
1424 1449 1676 1490 -criticorum

231 1529 457 1570 admodum
503 1529 725 1569 audacium
769 1541 939 1568 manum
978 1528 1129 1581 prodit.
1215 1527 1278 1568 Eo
1320 1529 1530 1582 pertinent
1566 1526 1676 1569 liber

233 1607 483 1657 Gofflanus,
510 1608 689 1661 primum
721 1621 746 1647 a
777 1604 993 1656 Gesnero,
1034 1606 1183 1646 deinde
1215 1620 1240 1646 a
1269 1605 1515 1661 Spaldingio
1547 1605 1677 1647 colla-

229 1696 324 1737 tus,
359 1685 600 1727 Vossianus
630 1684 670 1725 11
701 1684 810 1741 apud
840 1683 1157 1734 Burmannum,
1196 1683 1413 1725 Parisinus
1443 1687 1552 1726 7723
1582 1686 1672 1725 sive

228 1764 386 1819 Regius
416 1768 440 1804 2
469 1763 577 1817 apud
606 1763 867 1814 pomerium,
899 1765 971 1819 qui
1001 1762 1103 1804 olim
1132 1763 1213 1803 fuit
1246 1763 1468 1804 Laurentii
1498 1761 1666 1814 Vallae,

227 1844 338 1884 unde
369 1841 586 1883 vallensis
619 1855 643 1881 a
674 1841 805 1897 Rapli.
838 1841 970 1897 Regio
1001 1842 1136 1882 dictus
1169 1850 1246 1882 est.

366 1999 484 2040 Haec
523 2001 651 2055 igitur
691 1999 883 2040 codicum
926 1999 1209 2040 Fabianorum
1250 1997 1461 2054 generalis
1501 2007 1543 2039 et
1573 1999 1668 2040 uni-

225 2091 349 2118 versa
386 2078 586 2132 quaedam
630 2079 736 2118 ratio
777 2086 864 2127 est,
907 2091 988 2130 qua
1018 2091 1069 2116 ne
1113 2079 1205 2131 quis
1246 2076 1353 2116 falso
1393 2076 1509 2117 abuti
1548 2076 1664 2127 velit,

225 2157 492 2212 (quamquam
533 2157 663 2195 veteri
703 2156 927 2210 proverbio
969 2169 1086 2195 usum
1116 2168 1199 2194 non
1230 2156 1344 2195 tollet
1375 2154 1546 2208 abusus)
1577 2169 1666 2194 mo-

224 2235 406 2275 nendum
450 2235 638 2284 videtur,
689 2248 781 2274 esse
819 2235 968 2274 iisdem
996 2231 1210 2273 codicibus
1240 2231 1471 2287 peculiaria
1501 2247 1663 2288 quoque

222 2315 348 2363 vitia,
377 2327 512 2368 neque
541 2311 672 2352 ulium
699 2311 952 2362 Quintiliani
984 2310 1169 2350 codicem
1199 2319 1283 2350 tam
1314 2311 1532 2351 emendate
1563 2313 1665 2351 scri-

221 2400 337 2446 ptum
383 2405 502 2441 esse,
552 2399 597 2431 ut
645 2406 728 2432 non
778 2390 969 2446 plurimis
1009 2390 1197 2442 cujusvis
1236 2390 1404 2443 generis
1445 2390 1662 2432 erroribus

220 2469 399 2509 refertus
429 2471 496 2509 sit.
556 2468 665 2510 Nam
694 2478 741 2511 ut,
772 2467 878 2510 nihil
907 2468 957 2508 de
989 2466 1232 2522 vulgaribus
1253 2469 1432 2522 peccatis
1459 2469 1660 2518 dicamus,

221 2547 319 2600 quid
358 2560 383 2586 a
420 2556 569 2588 natura
607 2550 764 2590 codicis
802 2545 1076 2588 Ambrosiani
1115 2545 1135 2586 I
1170 2556 1253 2587 tam
1294 2545 1443 2586 abesse
1480 2546 1659 2596 videtur,

220 2637 345 2678 quam
383 2625 575 2666 inanium
616 2627 842 2668 verborum
872 2624 1056 2665 additio}
1115 2624 1259 2679 Itaque
1289 2623 1470 2666 libenter
1497 2623 1571 2665 lib.
1600 2623 1657 2675 II,

218 2707 261 2753 4,
291 2705 315 2744 5
347 2703 440 2756 ejus
472 2705 763 2747 auctoritatem
789 2713 958 2746 secutus
988 2704 1227 2758 scripseris:
1269 2708 1370 2759 quin
1400 2707 1509 2759 ipsis
1537 2717 1600 2761 qu
1613 2717 1656 2745 o-
