1775 3091
387 213 440 252 ml
468 212 628 265 Quintil.
661 213 786 252 Imm.
813 210 866 259 1²⁷,
893 214 954 253 14.
974 212 1005 263 ξ.
1030 215 1221 252 13—21.
1441 216 1521 252 303

81 342 160 368 sec.
189 319 270 377 ηιξ,
316 328 394 368 nisi
423 328 533 385 quod
561 326 628 369 hio
656 325 762 367 velit.
879 322 1020 367 luenda
1049 326 1114 366 sit.
1172 322 1301 367 Amb.
1325 329 1362 366 1.
1394 322 1419 365 Ζ.
1450 335 1520 364 est.

83 394 221 436 Turio.
242 394 349 436 Flor.
374 394 535 437 luendas
556 393 636 435 sed„
687 393 825 438 Turic.
855 408 878 434 a
896 409 973 434 seo.
995 409 1051 435 m.
1074 391 1214 433 luenda
1233 402 1330 432 sunt.
1415 391 1523 446 qnod

82 474 136 502 cst
158 478 226 503 cm.
285 461 408 504 Goth.
432 478 507 503 om.
528 472 598 503 est.
673 463 675 465 ’
704 476 856 516 conseq.
879 471 955 501 rat.
976 464 1064 501 sim.
1113 459 1250 514 Camp.
1280 460 1522 514 sequentihus

81 533 169 571 sim.
258 532 415 572 rationi.
467 527 596 571 Amb.
619 534 658 569 1.
690 530 878 578 rationis,
910 518 1012 568 ¹cum
1039 527 1174 580 Flor.,
1215 531 1284 583 qui
1307 536 1400 568 ante
1421 528 1519 578 adji-

81 601 135 638 cit
157 600 274 638 notio.
380 596 461 637 Sed
479 620 536 630 --
551 606 671 638 recte.
717 594 848 638 Amb.
872 599 909 636 1.
929 594 1037 637 Flor.
1059 600 1182 637 etiam
1204 593 1247 639 S.
1264 613 1296 638 c.
1308 613 1346 638 s.
1368 598 1521 636 interim

79 681 179 719 quae
208 681 242 705 r.

191 735 229 785 §.
262 736 329 772 18.
368 729 449 788 fas
476 741 532 771 est
560 733 679 788 incip.
730 731 860 774 Amb.
883 736 923 773 1.
954 730 1089 789 inc-f.
1112 749 1144 773 e.
1261 730 1386 774 concl.
1406 742 1447 771 ut
1466 732 1523 771 ih.

77 799 186 841 Flor.
213 802 333 840 etiam
354 799 624 841 concluderent
652 799 817 853 ibidem,
857 815 880 840 a
898 815 977 841 sec.
996 815 1053 841 m.
1084 815 1178 841 cum
1207 798 1336 842 Amb.
1359 804 1401 840 1.
1429 816 1524 838 con-

79 867 234 907 cludere
251 867 303 909 ib.
415 866 530 920 Quod
550 869 598 908 si.
644 867 753 910 Flor.
784 870 877 923 quia
896 869 945 909 si.
1051 884 1092 908 se
1121 867 1210 908 telo.
1255 866 1362 910 Flor.
1388 864 1525 907 Guelf.

79 938 208 977 omitt.
228 951 281 977 se.
331 933 472 991 Camp.
493 946 523 976 t.
542 951 573 976 s.
656 934 736 991 def.
758 937 945 991 interfici.
999 934 1109 976 Flor.
1131 935 1212 991 cles]
1239 934 1382 976 occidit
1403 937 1525 974 inter-

65 1005 178 1058 ficit.
283 1006 367 1058 quis
386 1028 442 1036 ·-
454 1003 590 1044 modo.
640 1002 777 1043 Turio,
806 1000 939 1044 Guelf.
959 1005 1027 1060 qui
1044 1020 1191 1058 semper
1208 1002 1409 1044 voluerunt
1428 1019 1525 1057 quo-

79 1087 155 1125 quo
174 1087 250 1122 m.,
284 1086 377 1111 cum
395 1069 427 1110 F
429 1074 517 1120 lor„
548 1073 626 1111 nisi
646 1071 755 1125 quod
774 1070 841 1112 hio
861 1087 934 1128 quo
951 1070 1081 1121 modo,
1112 1071 1221 1125 quod
1240 1073 1361 1111 etiam
1382 1069 1524 1122 Camp.

78 1137 196 1179 Alm.
219 1141 305 1193 quis
325 1141 391 1192 qui
407 1137 571 1178 volucrit
588 1154 660 1194 quo
679 1137 808 1179 modo.
892 1141 990 1193 quis,
1042 1138 1173 1180 Amb.
1196 1143 1236 1179 1.»
1251 1137 1361 1179 Flor.
1386 1135 1523 1178 Guelfi

78 1203 219 1258 Camp.
243 1208 447 1247 omittunt.
533 1204 579 1244 V
577 1208 741 1247 ariavc't.
781 1204 849 1246 Sic
873 1209 994 1247 etiam
1014 1204 1139 1247 Amb.
1153 1209 1191 1246 1.
1237 1207 1391 1245 variam
1411 1204 1520 1245 Flor.

77 1275 194 1313 varia
223 1271 363 1328 Camp.
423 1272 486 1316 At
513 1272 604 1315 Par.
631 1279 670 1315 1.
699 1276 817 1314 varia
845 1284 987 1314 autem.
1045 1272 1157 1313 Sich.
1189 1275 1347 1312 variant
1380 1283 1521 1321 autem,

77 1341 148 1380 sed
173 1343 316 1381 omisso
352 1342 426 1381 hic.
528 1344 672 1395 posuit.
712 1340 780 1382 Sio
820 1345 942 1382 etlam
976 1341 1105 1383 Amb.
1138 1347 1176 1381 1.
1214 1343 1323 1381 Flor.
1375 1349 1524 1394 pomam

77 1406 191 1448 Sich.
303 1407 446 1448 videat.
497 1407 609 1449 Sich.
639 1409 760 1449 etIam
786 1409 956 1450 videant.
1072 1408 1182 1448 nobis
1213 1408 1264 1449 ab
1284 1409 1394 1463 ipsis,
1453 1406 1522 1448 Sio

75 1477 198 1514 etiam
229 1473 355 1516 Amb.
378 1480 412 1515 1.
441 1473 551 1516 Flor.

191 1544 227 1595 §.
261 1547 326 1583 19.
384 1541 555 1583 Prior-is.
608 1542 718 1584 Jens.
738 1551 778 1584 et
795 1543 885 1584 edd.
907 1553 1000 1585 ante
1024 1542 1124 1585 Ald.
1141 1546 1284 1600 priori.
1381 1555 1523 1586 aurem„

76 1608 205 1652 Amb.
227 1614 263 1650 1.
278 1608 386 1650 Flor.
416 1609 505 1651 Par.
532 1614 570 1650 1.
591 1616 628 1651 2.
647 1626 752 1651 vcro.
850 1610 966 1652 nex?
1002 1612 1114 1653 haec.
1162 1611 1291 1654 Amb.
1313 1617 1351 1653 1.
1382 1611 1521 1655 Turio.

76 1675 184 1717 Flor.
212 1692 266 1716 eae
288 1677 375 1718 hoc.
484 1676 592 1728 Quid
614 1700 664 1707 —
690 1677 796 1732 quid.
849 1678 988 1731 Camp.
1008 1678 1114 1732 quocl
1131 1702 1188 1710 —
1205 1678 1322 1733 quod.
1427 1680 1523 1733 gla-

77 1743 153 1785 dii.
203 1743 332 1785 Amb.
356 1749 391 1784 1.
414 1742 540 1792 clari,
571 1759 594 1784 a
616 1760 694 1784 sec.
725 1760 798 1797 m.,
829 1760 922 1786 cum
941 1745 1048 1786 Flor.
1080 1760 1103 1785 a
1121 1761 1200 1785 sec.
1220 1761 1277 1787 m.
1311 1745 1414 1787 clari
1434 1750 1523 1788 viri.

163 1810 259 1850 haec
284 1821 360 1851 rat.
411 1809 538 1852 Amb.
560 1815 598 1851 1.
622 1811 696 1851 hoc
722 1829 754 1853 r.
860 1823 973 1853 cerie.
1023 1811 1133 1852 Flor.
1163 1815 1285 1852 etiam
1315 1825 1432 1854 certo.

78 1879 126 1918 si.
174 1876 280 1918 Flor.
310 1876 390 1918 secl.
501 1880 559 1916 uti
576 1877 666 1917 illis.
723 1877 831 1920 Flor.
864 1883 986 1920 etiam
1013 1879 1133 1919 utilis.
1187 1878 1324 1922 Guelf.
1356 1885 1413 1921 uti
1443 1883 1521 1924 his.

79 1929 372 1998 Czss'n1p.utiiis.
422 1941 530 1986 Jens.
556 1954 595 1986 et
624 1947 715 1987 edd.
749 1956 840 1987 ante
867 1946 968 1989 Bad.
1000 1947 1078 1987 hoc
1109 1948 1273 1988 ordine:
1315 1948 1394 1989 illis
1413 1950 1521 1990 nullo

74 2023 194 2071 pacto
216 2015 286 2053 uti.
392 2011 488 2052 haec
512 2028 578 2053 ex.
630 2012 756 2055 Amb.
778 2020 811 2055 1.
835 2014 972 2056 Tusic.
993 2014 1101 2055 Flor.
1124 2015 1198 2056 Ιιοο
1215 2030 1286 2057 ex.
1386 2019 1522 2060 intent.

78 2091 114 2120 et
136 2090 212 2121 rat.
262 2079 389 2121 Amb.
411 2085 447 2121 1.
469 2079 604 2121 Turio.
629 2079 737 2122 Flor.
764 2080 897 2124 Guelf.
931 2081 1070 2136 Camp.
1095 2099 1128 2123 r.
1151 2093 1187 2122 et
1208 2084 1234 2124 ι’.

192 2149 227 2200 §.
260 2153 327 2187 20.
384 2150 515 2187 omnia
531 2147 641 2188 haec.
691 2148 760 2190 Sic
790 2153 911 2190 etiam
932 2149 1040 2191 Flor.
1140 2166 1216 2205 pro
1247 2150 1341 2191 MiL
1373 2164 1522 2208 quaest.

37 2216 50 2229 ’”
79 2215 205 2258 Amb.
229 2220 265 2256 1.
283 2214 389 2256 Flor.
412 2218 533 2255 etiam
554 2232 589 2271 q.
605 2233 679 2271 pro
698 2217 765 2258 M.
870 2221 905 2258 ei
921 2217 1001 2277 fas
1022 2220 1087 2261 sit.
1146 2217 1214 2259 Sic
1243 2221 1365 2259 etiam
1388 2220 1520 2262 Amb.

81 2289 120 2323 1.
152 2281 259 2322 Flor.

193 2351 231 2401 §.
264 2354 332 2390 21.
398 2352 463 2391 εις.
517 2348 653 2392 Guelf.
687 2348 827 2405 camp.
860 2350 973 2393 sich.
1001 2353 1077 2395 Αἰ..
1198 2352 1266 2395 Et.
1319 2350 1448 2395 Amb.
1479 2359 1520 2396 1.

78 2420 123 2457 it.
228 2428 283 2456 est
301 2433 407 2458 vera.
454 2417 564 2459 Flor.
586 2434 624 2459 v.
645 2435 678 2459 e.
723 2417 828 2459 Jeus.
856 2431 910 2460 est
937 2437 1038 2462 vere.
1143 2422 1235 2475 ejus.
1282 2419 1389 2461 Flor.
1413 2436 1520 2476 quo-

0 2525 1 2533 *
79 2499 157 2540 que
183 2487 237 2524 eis
266 2495 322 2525 ut.
434 2488 666 2540 propositio·
719 2484 839 2529 Goth.
863 2490 1125 2544 proposititio.
1242 2499 1311 2529 est.
1361 2487 1408 2527 V
1405 2492 1518 2530 irtus.

78 2551 209 2594 Amb.
241 2556 278 2592 1.
308 2555 383 2591 erit
416 2551 572 2594 Virtus.
631 2552 739 2594 Flor.
778 2571 810 2595 e.
828 2567 878 2612 vet
902 2559 1040 2598 virtus.
1093 2555 1188 2597 Jens
1217 2565 1257 2596 et
1287 2556 1377 2597 edd.
1403 2571 1520 2596 meae

80 2633 239 2668 omnes,
272 2635 360 2659 exc.
386 2618 542 2671 Colin.‚
576 2622 714 2660 ordine
729 2631 906 2664 mutato:
938 2627 990 2664 sit
1011 2626 1127 2665 ναιίο.
1173 2622 1327 2664 Virtus.
1412 2622 1520 2679 quod

80 2702 125 2725 ea
146 2685 364 2741 locupletes.
412 2686 518 2728 Flor.
537 2691 606 2742 qui
625 2705 710 2730 eam
727 2688 950 2745 locupletum
