1775 3091
268 243 393 279 xxiv

264 358 369 392 nerse
400 344 636 401 exemplum
665 345 899 393 Burmanni
939 358 980 390 et
1009 348 1186 391 Gesneri
1226 360 1415 404 secutus,
1459 355 1602 395 timide
1623 369 1700 410 pro

263 425 433 478 antiqua
480 422 691 480 elegantia
739 427 945 470 reveritus
994 438 1127 481 esset,
1178 430 1288 486 quod
1333 445 1445 473 nunc
1486 429 1702 486 apparebit

262 502 449 557 undique
480 504 652 544 collatis
680 503 872 545 membres
909 507 1050 563 inepte
1081 509 1357 564 compositum
1385 518 1595 564 spectrum
1626 522 1701 565 po-

260 582 342 621 tius
382 594 505 636 quam
544 595 689 622 verum
721 597 869 638 corpus
907 588 1136 642 scriptoris.
1195 586 1279 628 Sed
1306 588 1456 641 injusti
1484 602 1538 628 ne
1568 589 1700 628 simus

259 660 462 704 adversus
486 669 670 700 Vveteres,
717 658 837 713 illos,
886 665 956 719 qui
994 674 1040 706 ut
1082 652 1197 707 sitim
1241 664 1479 722 aequalium
1527 680 1700 707 suorum

258 737 330 779 diu
378 735 595 778 collectam
642 741 974 794 restinguerent,
1032 753 1303 798 properantes
1366 743 1698 801 festinantesque

255 812 388 854 libros
419 815 685 870 antiquorum
715 819 1029 871 protrudebant,
1062 821 1170 862 nihil
1195 824 1333 864 minus
1351 831 1539 879 agentes,
1574 830 1697 878 quam

257 893 366 947 quod
406 907 516 933 nunc
555 894 756 947 facimus,
782 939 785 941 μ
810 906 855 938 ut
891 896 1077 951 syllabas
1117 907 1160 938 et
1209 902 1347 955 apices
1389 903 1694 951 examinemus,

256 972 477 1026 omniaque
528 974 907 1017 verisimilitudinis
955 985 1168 1018 momenta
1206 980 1525 1034 perpendamus.
1610 978 1696 1020 Sed

253 1058 391 1090 tamen
424 1052 551 1091 etiam
580 1053 624 1092 in
656 1052 736 1093 hoc
766 1057 969 1110 scriptore
1000 1055 1263 1111 intelligitur,
1295 1071 1417 1112 quam
1436 1070 1552 1096 vvana
1579 1054 1695 1111 vulgi

253 1129 468 1185 veneratio
496 1126 690 1171 lectionis
720 1131 915 1186 vulgatae
946 1134 1015 1182 sit,
1048 1148 1251 1189 quamque
1281 1137 1439 1189 injuste
1469 1148 1546 1178 nos
1565 1142 1695 1174 teme-

251 1207 386 1247 ritatis
425 1220 694 1260 accusemur,
741 1212 779 1250 si
813 1212 858 1250 in
899 1225 1053 1265 magna
1091 1213 1209 1267 copia
1248 1212 1455 1253 bonorum
1484 1210 1693 1252 librorum

250 1279 627 1340 manuscriptorum
645 1286 843 1343 pleraque
866 1288 988 1330 aliter
1008 1292 1259 1331 constituere
1282 1299 1322 1330 et
1341 1289 1442 1330 licet
1459 1298 1499 1330 et
1518 1304 1691 1330 necesse

250 1373 336 1418 est,
387 1378 510 1418 quam
548 1364 684 1406 adhuc
721 1368 764 1407 in
806 1367 1062 1409 editionibus
1101 1367 1347 1424 vulgaribus
1384 1368 1475 1408 fuit.
1549 1366 1690 1416 Quid}

250 1443 551 1484 Temeritatem
603 1453 648 1485 tu
699 1459 850 1497 voces,
900 1461 994 1487 cum
1044 1461 1122 1501 ego
1165 1461 1217 1487 ne
1256 1444 1485 1486 litterulam
1523 1447 1689 1502 quidem

246 1522 376 1564 ullam
406 1536 460 1562 ex
488 1523 661 1578 ingenio
695 1526 966 1576 correxerim,
997 1527 1095 1580 quin
1116 1524 1338 1565 iudicarim
1366 1531 1407 1563 et
1438 1524 1687 1574 addiderim,

246 1602 344 1657 quid
365 1610 405 1641 et
434 1599 532 1640 olim
564 1602 721 1644 editum
750 1604 877 1651 fuerit
898 1613 938 1644 et
967 1605 1065 1658 quid
1084 1605 1127 1644 in
1154 1601 1369 1643 codicibus
1390 1603 1687 1656 manuscriptis

244 1679 433 1735 legatur,
482 1688 527 1719 ut
552 1679 635 1720 frui
674 1684 810 1736 possis
835 1683 997 1736 judicio
1029 1681 1125 1722 tuo?
1194 1679 1361 1730 Quanto
1399 1689 1562 1720 veteres
1603 1678 1683 1730 illi,

247 1773 350 1813 quos
382 1758 627 1808 admiraris,
669 1758 892 1802 liberiores
922 1761 1116 1811 fuerunt,
1173 1768 1328 1814 quanto
1359 1758 1561 1799 adversus
1590 1756 1684 1807 hos,

242 1840 280 1879 si
310 1838 410 1893 quid
438 1836 547 1877 bene
578 1846 715 1879 actum
745 1848 857 1891 erat,
908 1836 1105 1895 aequales
1135 1839 1203 1879 sui
1228 1838 1430 1891 justiores
1459 1837 1687 1891 gratiores-

242 1930 335 1971 que.
403 1915 487 1955 Sed
525 1917 656 1957 missa
693 1916 799 1959 haec
837 1918 1067 1975 faciamus,
1120 1925 1161 1957 et
1199 1916 1379 1971 tempori
1417 1913 1686 1974 dijudicanda

237 1993 523 2048 relinquamus
533 1995 581 2048 ⁸).

280 2164 317 2208 ἦ)
343 2164 491 2204 Possem
512 2164 582 2198 hoc
602 2165 686 2209 loco
711 2164 822 2207 abuti,
848 2172 889 2198 ut
911 2165 1034 2198 nescio
1059 2164 1165 2207 cujus
1184 2161 1314 2193 veteris
1332 2162 1463 2205 potitae
1481 2159 1682 2193 maledictis

283 2252 286 2257 Α
326 2222 589 2264 responderem,
630 2225 695 2266 qui
736 2233 854 2265 nuper
888 2224 927 2254 in
969 2218 1273 2263 Ephemeridibus
1310 2218 1421 2251 litter.
1459 2216 1680 2251 Halensibus

324 2286 475 2321 operam
499 2288 613 2311 meam
646 2281 682 2312 in
708 2278 755 2322 Ο.
781 2278 908 2313 Curtio
938 2276 1155 2309 recensendo
1180 2277 1336 2319 positam
1359 2276 1408 2307 ita
1436 2275 1601 2312 incessit,
1637 2281 1680 2307 ut

326 2335 437 2368 simul
470 2345 594 2368 omnes
625 2331 805 2378 ληκύθους
837 2334 1042 2379 praeclarae
1075 2335 1159 2366 artis
1191 2342 1276 2365 suae
1311 2332 1351 2364 in
1374 2329 1507 2363 tuenda
1532 2331 1679 2372 vulgata

325 2393 500 2431 lectione,
534 2392 641 2434 cujus
673 2403 804 2426 vereor
827 2399 869 2426 ut
893 2392 1070 2433 originem
1096 2400 1259 2433 unquam
1282 2387 1525 2428 intellexerit,
1559 2384 1678 2420 effun-

324 2449 444 2488 deret,
488 2439 887 2491 auriulnque'⁸sua1·um
922 2446 1111 2479 delicatum
1147 2455 1291 2478 sensum
1325 2443 1552 2487 praedicaret.
1606 2440 1678 2477 Sed

323 2511 478 2538 transeat
495 2502 637 2547 sibique
652 2504 1007 2547 habeatsapientiam
1031 2512 1132 2535 suam
1156 2503 1221 2544 qui
1243 2511 1348 2534 ausus
1374 2502 1481 2534 etiam
1505 2502 1552 2533 sit
1566 2497 1676 2532 fidem

230 2586 234 2589 .
280 2590 293 2596 „
322 2559 535 2604 Quiritium
564 2562 765 2604 implorare
784 2568 833 2603 ¹et
866 2561 999 2596 litteris
1032 2558 1236 2604 uncialibus
1271 2566 1455 2602 tamquam
1487 2555 1675 2598 infandum

322 2615 500 2660 flagitium
530 2628 691 2659 arguere,
727 2616 827 2662 quod
863 2626 930 2660 ego
969 2614 1066 2658 apud
1092 2614 1258 2648 Curtium
1284 2614 1349 2654 Vl,
1375 2613 1480 2662 6,¹31
1507 2617 1673 2654 concepto

324 2672 406 2716 igne
420 2672 586 2715 proxima
605 2684 759 2716 quaeque
779 2672 1019 2706 adurebantur
1044 2663 1111 2711 pro
1131 2671 1228 2713 vulg.
1254 2667 1454 2702 adureban‘t
1479 2666 1674 2706 edideri1113

323 2731 426 2773 quasi
454 2730 559 2764 aliter
579 2738 657 2762 esse
684 2732 741 2765 vel
767 2731 884 2774 possit
907 2728 966 2762 vel
986 2725 1122 2764 debeat.
