1775 3091
1318 209 1335 219 a

289 235 371 274 430
720 234 993 287 Supplemenm
1030 237 1291 275 annotationis

400 348 438 399 §.
467 351 535 388 45.
593 357 750 401 quanto.
800 345 868 387 Sic
898 345 988 389 Par,
1012 353 1052 387 2.
1074 363 1151 387 sec.
1173 362 1226 387 m.
1250 353 1288 388 6.
1335 351 1428 404 quin
1450 348 1539 390 Par.
1559 354 1597 389 1.
1618 355 1658 390 2.

397 418 435 467 §.
467 417 534 456 54.
591 413 714 466 [uncle
753 430 793 453 se
829 416 869 453 iti
908 414 1073 453 medium
1098 437 1154 446 ·—
1183 419 1344 456 miseris.
1411 415 1608 458 Offendor
1641 417 1715 456 hac

286 485 445 523 dicendi
477 485 651 531 ratione,
694 497 734 520 se
759 484 798 520 in
817 482 981 520 medium
1007 485 1178 533 mittere,
1219 498 1338 537 quam
1360 483 1613 538 Spaldingins
1632 500 1715 524 nou

285 555 479 604 explicat,
518 549 711 589 VVolffius
743 553 797 588 ait
823 566 904 589 esse
930 566 972 589 se
1001 552 1045 588 in
1082 553 1234 590 animos
1257 553 1480 591 auditorum
1500 556 1713 592 insinuare.

284 619 346 658 At
371 618 679 657 vehementioris
710 619 871 656 aflectus
900 626 957 657 est
987 634 1027 655 se
1054 621 1226 669 minere,
1267 634 1397 673 neque
1420 635 1518 672 opus
1539 629 1595 659 est
1613 629 1658 659 ut
1673 635 1715 659 se

285 689 458 725 insinuet
466 714 478 733 ,
511 700 602 723 cum
629 675 857 723 auditoru'm
876 688 1026 724 animos
1047 694 1199 738 paratos
1218 687 1374 727 habeat.
1433 686 1575 726 Malim
1594 690 1717 739 igitur

285 757 322 792 in
344 753 494 799 odium,
526 761 570 790 ut
589 755 663 791 sit:
702 753 863 806 quando
883 753 1044 792 tandem
1065 754 1190 793 odisse
1209 756 1395 807 incipiet,
1434 755 1593 809 quando
1611 770 1652 794 se
1671 758 1713 792 in

285 821 422 860 odium
447 818 716 870 effundere?]

393 888 431 940 §.
465 891 529 928 56.
590 902 673 926 cum
688 890 767 941 jus,
810 886 877 928 Sic
899 886 989 927 Par.
1011 894 1051 928 2.
1070 902 1146 927 sec.
1167 901 1225 927 m.
1269 886 1359 927 Par.
1387 892 1426 926 1.
1449 891 1487 927 6.
1511 890 1632 939 cujus.

393 956 431 1006 §.
463 959 531 995 57.
589 965 727 994 contra
749 971 854 1009 qnos.
896 954 962 994 Sic
982 954 1067 995 Par.
1090 961 1127 995 2.
1171 958 1278 995 circa
1299 972 1336 1009 q.
1359 954 1446 994 Par.
1469 960 1505 995 1.
1527 955 1597 1008 (?)
1621 961 1659 994 6.

392 1026 429 1076 §.
460 1028 529 1064 58.
585 1022 815 1062 valetudine.
860 1020 926 1062 Sic
950 1022 1039 1063 Par.
1062 1029 1100 1063 2.
1124 1028 1161 1063 6.
1211 1021 1469 1062 valetudinem
1489 1021 1582 1063 Par.
1605 1029 1642 1063 1.

281 1095 352 1147 ips.
375 1091 451 1147 loq.
471 1108 531 1145 qu.
571 1089 640 1130 Sic
666 1090 756 1131 Par.
778 1096 815 1130 1.
841 1096 879 1130 2.
904 1095 941 1129 6.

391 1161 428 1210 §.
461 1165 528 1199 59.
589 1158 799 1212 [causanti
826 1160 858 1197 si
887 1159 1089 1212 displicet,
1138 1160 1198 1198 uti
1234 1173 1329 1198 sane
1367 1157 1571 1211 displicere
1599 1159 1715 1198 debet

280 1226 388 1275 ἅπαξ
415 1224 647 1280 λεγόμενον,
692 1229 735 1264 in
769 1236 955 1279 promptu
988 1235 1044 1265 est
1073 1227 1297 1265 emendatio
1326 1228 1547 1276 accusanti,
1595 1241 1715 1280 quam

274 1298 423 1334 obtulit
441 1295 543 1333 mihi
562 1297 715 1345 juvenis
738 1296 931 1333 bonarum
949 1297 1094 1333 artium
1111 1294 1384 1347 cupidissimus
1403 1291 1506 1334 Rob.
1526 1294 1715 1335 Schrmn-

277 1367 380 1402 mins
403 1361 611 1416 Sssesius.]

391 1432 427 1481 ᾗ.
460 1434 524 1468 61.
582 1428 741 1469 Habiti.
765 1429 832 1469 Sic
854 1428 946 1470 Par.
969 1434 1007 1469 1.
1030 1434 1070 1470 2.
1094 1433 1132 1468 6.
1218 1427 1409 1469 Sassiam.
1440 1427 1529 1470 Par.
1554 1433 1591 1470 1.
1613 1436 1652 1470 2.
1678 1433 1716 1468 6.

278 1496 448 1537 Sasiam.

391 1569 427 1614 ᾧ.
460 1565 525 1604 64.
584 1562 741 1619 itfesia.
791 1562 860 1603 Sic
885 1561 977 1603 Par.
1000 1568 1038 1604 2.
1091 1562 1230 1619 irgfeste
1258 1561 1351 1602 Par.
1383 1568 1418 1602 1.
1447 1567 1484 1602 6.
1567 1563 1712 1619 fcerit.

278 1631 345 1673 Sic
365 1632 457 1673 Par.
483 1635 520 1670 6.
559 1633 632 1668 erit
654 1630 744 1670 Par.
771 1640 805 1669 1.
823 1635 861 1670 2.
951 1629 1118 1683 culpam.
1158 1629 1225 1669 Sic
1246 1629 1337 1670 Par.
1360 1635 1397 1669 1.
1440 1630 1556 1684 culpa
1574 1632 1711 1672 Par.2.

389 1701 424 1752 ᾧ.
456 1703 522 1739 65.
577 1714 794 1751 possumus,
842 1696 909 1736 Sic
939 1696 1029 1737 Par.
1067 1702 1102 1735 1.
1138 1703 1178 1736 2.
1213 1701 1250 1736 6.
1309 1695 1390 1736 Sed
1419 1699 1523 1736 nihil
1553 1700 1601 1737 de
1624 1715 1711 1748 non,

277 1776 413 1807 utrum
441 1769 490 1805 sit
517 1769 558 1804 in
587 1765 728 1805 Pariss.
750 1768 859 1804 libris
881 1779 931 1803 an
949 1779 1031 1804 non
1046 1767 1107 1804 sit.
1165 1761 1254 1818 Ipse.
1273 1773 1406 1804 autem
1424 1765 1543 1805 habet
1562 1765 1714 1806 Pottie-

277 1839 356 1875 rius
377 1838 420 1873 in
443 1843 573 1873 textus
606 1834 880 1886 descriptione.

389 1905 424 1955 §.
456 1906 524 1942 67.
583 1901 851 1955 dignitatibus.
914 1899 981 1940 sio
1008 1898 1096 1940 Par.
1127 1904 1166 1939 2.
1202 1913 1279 1940 sec.
1312 1914 1365 1938 m.
1428 1898 1716 1952 dignationibus

276 1970 369 2012 Par.
395 1976 432 2010 1.
455 1975 494 2010 2.
522 1971 560 2008 6.

389 2040 425 2090 §.
461 2042 526 2077 68.
586 2035 744 2076 mederi.
785 2034 852 2076 Sic
873 2034 963 2077 Par.
985 2043 1023 2078 2.
1046 2050 1122 2076 sec.
1145 2050 1199 2075 m.
1247 2033 1373 2074 videri
1397 2033 1488 2075 Par.
1512 2039 1548 2074 1.
1570 2033 1645 2089 (?)
1672 2040 1712 2074 6.

276 2123 335 2145 me
354 2105 480 2145 videri
501 2104 589 2145 Par.
611 2109 648 2144 2.

387 2177 423 2226 §.
456 2178 523 2213 71.
576 2174 732 2226 poterit.
773 2170 864 2212 Par.
891 2177 925 2211 1.
949 2178 988 2212 2.
1010 2176 1047 2211 6.
1068 2174 1248 2226 potueris.

386 2243 421 2292 ξ.
452 2245 521 2280 72.
579 2242 692 2280 siin.
750 2238 817 2279 Sic
847 2238 939 2279 Par.
967 2245 1007 2279 2.
1036 2255 1113 2279 sec.
1133 2254 1187 2277 m.
1240 2240 1315 2276 nisi
1348 2235 1440 2277 Par.
1473 2241 1508 2276 l.
1539 2241 1576 2276 6.
1661 2239 1713 2276 sit

275 2332 334 2340 -—-
360 2311 418 2347 sic
439 2305 604 2347 (licendi.
645 2306 712 2347 Sic
733 2306 824 2347 Par.
849 2313 888 2347 2.
942 2310 993 2345 sit
1010 2331 1065 2335 —
1084 2309 1133 2345 sit
1153 2305 1318 2344 dicenda
1339 2304 1426 2344 Par.
1450 2309 1486 2344 1.

388 2380 422 2428 §.
458 2379 526 2415 73.
589 2390 708 2414 causa
730 2377 850 2428 justa.
895 2374 984 2414 Par.
1023 2379 1059 2414 1.
1091 2380 1129 2414 2.
1167 2384 1201 2411 et
1227 2376 1348 2426 jusia.
1452 2374 1502 2410 sit
1527 2371 1712 2424 fatendo.

276 2443 369 2484 Par.
395 2449 432 2482 1.
456 2442 719 2498 sitfaciendo.
771 2441 860 2482 Par.
882 2448 919 2482 2.
948 2445 1009 2480 sic
1023 2441 1232 2497 faciendo.
1293 2440 1479 2480 Ceterum
1499 2438 1711 2479 Pottierius

276 2513 325 2550 de
350 2512 574 2560 conjectura
605 2510 727 2549 edidit
756 2508 901 2548 Verum
930 2521 961 2547 et
985 2513 1095 2563 jussa
1127 2509 1365 2562 (nimirum,
1397 2510 1473 2557 ait,
1506 2521 1527 2544 a
1549 2505 1712 2545 Caesare

277 2588 315 2617 et
337 2577 551 2631 Pompejo)
583 2580 645 2616 sic
660 2577 854 2633 facie-mlo
886 2575 1029 2616 docet
1061 2593 1135 2615 non
1162 2593 1202 2614 sc
1221 2575 1267 2613 de
1285 2578 1364 2627 ing.
1387 2577 1454 2612 rel.
1511 2572 1710 2626 Equidem

276 2648 409 2684 nescio
432 2659 481 2682 an
502 2647 593 2684 satis
615 2661 695 2684 esse
714 2654 850 2697 putem
879 2643 1026 2682 Verum
1047 2654 1213 2682 excusa!
1246 2659 1285 2680 se
1305 2640 1479 2694 fatendo.
1535 2638 1711 2678 Excusat

275 2715 386 2750 enim
415 2727 477 2762 se,
528 2713 659 2765 quod,
708 2715 776 2766 qui
805 2714 908 2767 ¹olim
939 2721 1072 2751 contra
1102 2714 1190 2750 illos
1221 2711 1388 2759 dixerit,
1438 2722 1546 2746 nuuc
1571 2720 1709 2744 eorum
