1775 3091
168 253 185 286 1
195 251 219 285 6
600 243 872 299 Supplemcnta
911 241 1171 282 annotationis

167 359 357 402 Ambros.
394 362 456 408 1.,
507 365 552 397 ut
589 372 635 395 ea
671 357 862 407 scriptura
892 358 970 404 jam
999 356 1120 393 trimn
1149 355 1389 406 optimorum
1419 353 1598 392 codicum

166 430 398 468 auctoritate
440 421 720 472 defendatur]
837 424 1046 474 attigerunt
1091 420 1190 461 Tur.
1233 420 1357 461 Bern.
1399 420 1526 462 Amb.
1561 424 1598 459 1.

251 494 410 535 audiunt
447 491 572 533 Amb.
606 496 643 529 1.

279 564 315 612 §.
340 567 378 602 8.
422 563 463 598 in
481 558 624 599 sch-olis
643 557 731 596 edd.
755 558 849 610 aliq.
874 566 967 596 vett.
1023 571 1077 594 cx
1097 556 1241 595 scholis
1279 556 1377 596 Tur.
1405 554 1533 597 Amb.
1559 559 1595 593 1.

165 630 267 671 Bad.
313 631 395 669 alii.
519 626 606 665 inde
647 634 785 662 natur-a
825 621 959 663 Guelf.
1000 623 1116 664 Voss.
1152 630 1188 664 1.
1222 630 1260 663 3.
1314 623 1436 665 Bern.
1488 621 1599 662 Sich.

169 701 331 752 [tuetur
360 695 521 748 Sarpius
553 709 591 746 p.
622 696 672 731 21
703 690 795 745 sq.]

279 766 316 816 §.
352 769 390 804 9.
451 761 562 800 illum
593 760 718 797 nescio
751 775 859 813 quem
891 758 990 799 Obr.
1041 759 1176 810 (haud
1206 759 1324 797 dubie
1357 773 1407 797 ex
1441 755 1604 809 Argen-

164 832 271 888 tor.)
303 831 401 871 Tur.
435 829 567 877 Flexa,
607 828 779 866 verisim.
806 825 932 866 Amb.
960 830 996 865 1.
1058 824 1206 879 [Conf.
1242 824 1367 866 Cicer.
1413 841 1451 878 p.
1484 824 1601 864 Font.

166 920 199 944 c.
231 906 257 943 7
288 908 415 939 extr.:
457 895 563 934 nihil
593 896 688 943 erit,
728 908 851 947 quam
878 896 926 931 ob
950 907 1035 932 rem
1072 895 1140 930 ille
1169 895 1302 931 nescio
1332 894 1420 946 quis
1448 894 1604 944 sapiens

164 971 288 1009 homo
321 982 365 1005 ac
397 966 616 1004 multarum
644 976 777 1000 rerum
807 963 954 1013 peritus
987 960 1037 998 ad
1065 974 1124 998 res
1154 959 1383 1009 judicandas
1422 961 1604 1013 requira-

165 1035 274 1086 tun]
388 1048 465 1071 non
500 1032 624 1085 possit
658 1028 785 1069 Amb.
819 1033 881 1078 1.,
915 1027 1022 1066 Flor.
1056 1041 1078 1065 a
1107 1042 1162 1066 m.
1192 1042 1268 1066 sec.
1331 1027 1424 1079 [De
1452 1028 1605 1079 signIfi-

165 1107 320 1144 catione
345 1103 451 1141 vocis
482 1099 624 1136 theatri
654 1097 789 1149 Spald.
823 1097 991 1133 conferri
1017 1096 1128 1144 jussit
1158 1094 1251 1133 dial.
1276 1094 1323 1132 de
1347 1102 1462 1133 oratt.
1493 1109 1528 1133 c.
1552 1098 1604 1133 39

165 1182 204 1212 et
231 1166 527 1224 Wyttenbach.
559 1163 667 1206 Bibl.
701 1166 785 1202 crit.
817 1161 914 1200 Vol.
941 1159 999 1200 III
1026 1170 1102 1214 prt.
1135 1161 1160 1199 4
1191 1177 1230 1214 p.
1255 1159 1347 1211 79.]

279 1239 316 1289 §.
352 1242 416 1276 10.
475 1233 535 1273 At
551 1232 646 1288 fere
677 1235 797 1270 etiam
826 1228 925 1269 Tur.
960 1244 981 1268 a
1008 1244 1066 1281 pr.
1098 1243 1153 1268 m.
1205 1228 1328 1281 (post.
1363 1228 1452 1267 ded.
1483 1226 1602 1280 vero)

164 1308 270 1349 Flor.
305 1305 432 1346 Amb.
458 1307 495 1342 1.
532 1300 656 1341 Paris.
690 1303 727 1338 1.
755 1304 794 1338 2.

281 1375 317 1424 §.
352 1377 417 1411 11.
476 1384 612 1423 pccun.
662 1364 724 1404 ch
768 1368 886 1405 amic.
929 1362 1028 1403 Tur.
1075 1362 1181 1402 Flor.
1228 1359 1355 1402 Amb.
1389 1367 1426 1401 1.
1480 1359 1602 1402 Goth.

167 1441 308 1495 Camp.
350 1439 439 1478 edd.
485 1439 599 1489 reliq.
649 1449 725 1472 am.
772 1448 809 1472 v.
848 1448 932 1486 pcc.
1062 1447 1152 1469 num
1190 1439 1340 1481 tamen3
1390 1432 1446 1468 ita
1486 1430 1601 1470 codd.

165 1510 287 1550 Paris.
318 1508 358 1547 4.
395 1513 432 1547 5.
468 1504 563 1545 Ald.
599 1512 638 1542 et
668 1501 757 1540 edd.
789 1509 877 1553 post
914 1498 1051 1549 Sich.3
1102 1500 1249 1550 priores
1279 1507 1522 1547 nontamen,
1564 1504 1605 1535 et

167 1581 221 1617 sic
256 1576 355 1616 Tur.
387 1574 493 1615 Flor.
528 1571 654 1613 Amb.
679 1574 715 1608 1.
751 1566 872 1607 Goth.
904 1565 1058 1607 Almel.
1099 1565 1223 1605 Paris.
1251 1570 1288 1604 1.
1312 1570 1352 1603 2.
1377 1569 1415 1604 3.
1461 1562 1600 1616 Camp.

168 1644 302 1685 Andr.
366 1641 427 1682 Cf,
459 1641 696 1689 Heusinger.
731 1636 781 1674 ad
813 1634 895 1675 Cic.
939 1634 987 1673 de
1017 1631 1135 1672 Offic.
1167 1629 1240 1681 III,
1273 1636 1322 1671 18
1356 1632 1392 1680 §.
1426 1631 1480 1671 74
1512 1644 1600 1682 pag.

165 1712 289 1751 Heus.
327 1714 422 1750 707.
518 1704 621 1745 haud
659 1713 785 1758 potest
822 1701 929 1742 Jens.
964 1708 1003 1740 et
1033 1699 1122 1738 edd.
1155 1707 1249 1738 vett.
1283 1700 1492 1751 plurimae.
1553 1713 1603 1735 an

164 1789 288 1834 potest
313 1776 452 1829 Camp.
484 1774 618 1816 Andr.
717 1769 804 1824 plus
835 1770 972 1808 secreti
997 1766 1141 1805 studia.
1200 1763 1261 1804 Ita
1291 1766 1415 1803 edidit
1442 1763 1601 1815 Burm.‚

168 1846 421 1887 Obrechtum
458 1848 637 1889 secutus3
691 1846 807 1876 antea
845 1837 973 1887 legeb.
1014 1850 1053 1887 p.
1083 1850 1115 1874 s,
1147 1834 1328 1886 temporis
1356 1831 1508 1882 studia3
1547 1833 1605 1870 sic

166 1914 263 1953 Tur.
305 1911 431 1952 Amb.
470 1916 506 1949 l.
550 1904 684 1947 Guelf.
731 1902 852 1945 Goth.
892 1901 1015 1943 Bern.
1057 1899 1198 1940 Pariss.
1242 1913 1401 1950 omnes,
1450 1906 1605 1952 praeter

168 1985 285 2031 alios,
333 1981 402 2032 qui
430 1991 514 2015 11011
541 1981 837 2022 memoranturr,
885 1972 1020 2009 nullus
1051 1977 1155 2007 certe
1183 1968 1270 2007 cod.
1304 1968 1490 2018 affertur,
1531 1967 1603 2020 qui

168 2048 349 2101 temporis
391 2046 559 2083 omittat.

281 2115 318 2165 §.
352 2117 417 2152 12.
478 2108 665 2148 ediscenti
694 2119 772 2145 om.
803 2103 911 2144 Jens.
945 2110 985 2141 et
1014 2102 1104 2141 edd.
1136 2104 1206 2141 rel.
1238 2110 1328 2140 ante
1356 2099 1484 2150 Ald.‚
1517 2114 1598 2140 acc.

167 2181 267 2222 Bad.
312 2178 425 2220 Cerv.
465 2175 616 2216 Vidov.
686 2173 829 2221 alise„
867 2169 1050 2210 scribenti
1093 2179 1128 2207 et
1169 2184 1254 2220 cog.
1295 2167 1396 2208 Ald.
1441 2175 1480 2206 et
1507 2167 1598 2207 edd.

167 2257 256 2302 post
290 2246 400 2287 Sieh.
440 2258 565 2298 usque
607 2242 657 2281 ad
694 2239 835 2281 Burm.
895 2254 971 2278 scr.
1005 2236 1064 2276 ed.
1097 2246 1132 2273 et
1164 2250 1248 2287 cog.
1293 2232 1412 2274 Gesn.
1457 2231 1596 2286 Spald.

169 2315 286 2356 scrib.
318 2313 502 2351 ediscenti
531 2326 616 2362 cog.
651 2308 758 2363 (om.
787 2304 839 2359 et)
868 2304 968 2346 Obr.
1002 2303 1137 2357 (haud
1170 2304 1287 2342 dubie
1316 2316 1367 2341 ex
1393 2298 1599 2354 Argent.)

168 2383 266 2424 Tur.
308 2382 413 2422 Flor.
455 2376 576 2419 Goth.
618 2374 752 2417 Guelf'.
788 2372 911 2413 Par1s.
937 2377 972 2411 1.
997 2377 1036 2411 2.
1062 2377 1099 2412 3.
1138 2369 1276 2423 Camp.
1390 2367 1600 2407 Modicum

170 2467 259 2503 ergo
298 2449 397 2490 Obr.
441 2446 576 2500 (haud
616 2445 734 2483 dubie
771 2454 823 2479 ex
861 2438 992 2492 Arg.)
1031 2437 1130 2478 Tur.
1159 2436 1264 2478 Flor.
1300 2433 1420 2476 Goth.
1456 2433 1596 2486 Camp.

169 2520 259 2557 fort.
293 2516 417 2557 Amb.
443 2519 479 2552 1.
576 2512 753 2550 notitiam
783 2511 882 2547 Tur.
915 2507 1042 2547 Amb.
1068 2512 1105 2546 1.
1138 2503 1292 2555 Bodlej.
1395 2510 1598 2555 praeeunte

171 2583 234 2622 vel
259 2583 414 2622 docente
441 2580 503 2618 vel
530 2582 599 2618 int.
639 2577 744 2617 Flor.
779 2591 800 2614 e
828 2576 967 2627 glossa.

285 2652 377 2703 [De
411 2645 688 2702 partitionibus
727 2646 814 2695 lege
853 2640 1133 2693 Spaldingium
1161 2647 1285 2678 semet
1314 2639 1446 2689 ipsum
1473 2634 1596 2673 corri-

173 2726 333 2772 gentem
362 2719 402 2754 in
432 2715 594 2768 praefat.
625 2711 721 2751 Vol.
752 2708 771 2749 I
797 2724 836 2762 p.
867 2703 1071 2756 LXXIII,
1101 2706 1150 2745 ad
1181 2719 1303 2759 quam
1330 2711 1467 2743 notam
1496 2700 1596 2740 haec
