1775 3091
263 220 343 259 302
712 211 986 269 Supplementa
1024 214 1285 255 annotationis

375 333 410 385 §.
445 334 509 371 13.
571 327 757 370 Ceterum.
809 325 937 368 Amb.
959 333 995 368 1.
1012 325 1148 368 Tul-ic.
1172 342 1194 367 a
1209 343 1269 381 pr.
1294 341 1350 368 m.
1372 323 1481 369 Flor.
1503 337 1539 366 et
1558 338 1695 370 cetera„

345 409 387 438 ut
402 413 525 454 prosc.
575 396 714 448 Camp.
736 394 845 436 Jens.
872 405 940 434 aut
961 412 1025 449 pr.
1141 398 1284 435 vivere.
1335 394 1464 435 Amb.
1491 400 1527 435 1.
1555 395 1697 442 videre,

263 481 358 511 cum
378 466 482 506 Flor.
497 495 509 516 ,
551 466 621 518 qui
651 472 688 503 et
707 465 812 502 infra
831 463 908 502 hoo
931 463 1109 504 exhibet.
1220 473 1383 516 oportet.
1430 462 1538 504 Flor.
1563 461 1698 504 Guelf.

262 543 453 588 oporteat.
545 533 677 585 prima
692 540 818 584 parte.
862 529 998 570 Turio.
1018 529 1050 570 F
1052 534 1134 571 lor.‘
1149 545 1171 570 a
1189 546 1247 584 pr.
1269 546 1323 570 m.
1347 533 1517 585 primam
1532 542 1699 585 partem.

343 614 448 655 poss.
499 597 554 636 Et
582 614 658 638 ass.
689 600 758 638 int.
779 596 885 654 conf:
911 608 964 637 est
986 607 1040 638 ut.
1088 596 1196 638 Flor.
1224 601 1344 637 etiam
1361 615 1402 652 p.
1423 609 1465 637 ut
1484 610 1538 637 est
1558 615 1596 638 a.
1615 600 1642 637 i.
1664 615 1700 638 c.

262 686 294 708 e.
315 686 353 709 u.
450 665 603 705 beatam
622 668 756 707 vitam.
814 665 951 706 Turio.
975 665 1081 705 Flor.
1111 679 1133 704 a
1162 682 1221 719 Ρ1·.
1254 682 1308 705 111.
1345 681 1382 706 υ.
1415 665 1449 706 ὂ.
1557 665 1701 705 soluta.

260 735 397 776 Tul-Ic.
429 748 451 773 a
477 749 537 787 pr.
565 748 623 773 m.
652 732 762 773 Flor.
793 732 972 773 solutum.
1071 744 1180 773 certe.
1226 733 1333 774 Flor.
1354 735 1475 772 etiam
1494 744 1615 773 certa.

261 818 341 842 ass,
371 825 429 832 -—-
453 811 609 841 vocant.
656 799 797 855 Epich.
856 799 965 841 Flor.
1005 817 1044 841 α.
1073 800 1146 839 alii
1173 803 1360 841 rationem
1388 800 1459 839 alii
1485 816 1572 841 voc.
1605 801 1702 855 epi&

258 869 348 911 I‘ar.
372 873 410 909 1.
433 885 468 907 α.
485 867 557 908 alii
576 885 608 908 r.
627 882 665 907 v.
691 867 763 906 alii
779 869 877 922 cpio.

374 934 523 988 [Notae
545 950 639 975 suae
663 949 775 989 exeg.
799 935 1053 989 Spaldingius
1073 936 1300 991 adscrlpsit:
1333 933 1395 977 Cf.
1408 933 1702 990 Wyttenbach.

258 1004 310 1043 ad
325 1002 434 1043 Plut.
457 1004 505 1042 de
531 1018 606 1042 ser.
627 1017 741 1041 num.
763 1004 873 1042 vind.
892 1019 931 1056 p.
957 1003 1040 1057 78.]

371 1072 408 1124 §.
442 1070 506 1111 14.
567 1070 715 1125 differt.
763 1069 873 1109 Flor.
901 1070 1070 1126 clf'fflret.
1182 1071 1292 1113 circa
1319 1093 1376 1104 ω-
1403 1087 1508 1110 usus·
1561 1067 1702 1122 Camp.

258 1155 290 1179 e.
312 1156 351 1178 n.
375 1140 485 1177 circa
507 1138 612 1178 cred.
700 1147 963 1180 controversa.
1005 1137 1134 1180 Amb.
1153 1142 1192 1177 1.
1217 1140 1515 1178 controversias.
1564 1135 1701 1176 Turio.

258 1220 282 1246 a
319 1221 380 1259 pr.
419 1220 477 1245 m.
528 1203 651 1248 Goth.
699 1207 977 1246 controversia..
1047 1204 1187 1259 Camp.
1231 1205 1342 1247 Jens.
1381 1203 1504 1246 Tarv.
1543 1204 1703 1244 contro-⁷-

256 1275 436 1312 versiam.
1562 1323 1564 1325 ‚

372 1342 408 1390 §.
442 1342 508 1380 15.
568 1338 677 1395 quid.
727 1337 855 1380 Amb.
888 1344 927 1379 1.
963 1355 1051 1394 quo.
1108 1337 1216 1379 Flor.
1249 1341 1355 1393 quia.
1470 1337 1576 1379 solus
1605 1340 1702 1377 enim

259 1423 357 1448 sum.
405 1409 542 1446 Turio.
567 1422 599 1444 s,
622 1423 652 1444 c.
674 1422 796 1447 suum.
847 1405 986 1459 Camp.
1018 1405 1081 1445 sol
1105 1423 1228 1445 snum.
1329 1405 1462 1461 filius,
1514 1406 1640 1447 Amb.
1666 1411 1701 1445 1.

258 1474 365 1514 Flor.
388 1471 712 1526 etiamficlclium.
798 1475 941 1511 testati.
989 1472 1124 1511 Etiam
1142 1472 1268 1513 Amb.
1293 1478 1330 1511 1.
1351 1473 1459 1513 Flor.
1487 1472 1576 1513 Par.
1603 1478 1639 1512 1.
1661 1479 1700 1513 2.

258 1543 465 1581 intestatis.
568 1539 649 1580 tab.
673 1550 756 1578 test.
808 1538 916 1579 Flor.
938 1549 1022 1579 test.
1044 1538 1126 1578 tab.
1225 1543 1430 1594 pertinent.
1477 1540 1509 1582 F
1512 1543 1586 1580 lor.
1610 1540 1702 1581 Par.

257 1614 296 1650 1.
317 1615 358 1650 2.
385 1607 525 1660 Camp.
548 1609 669 1645 etiam
691 1608 868 1659 pertinet.

372 1677 408 1729 ξ.
443 1680 508 1715 16.
568 1673 673 1729 quod
694 1675 771 1713 inc.
813 1672 949 1713 Turio,
977 1688 998 1712 a
1017 1689 1076 1726 pr.
1096 1687 1152 1712 m.
1175 1687 1246 1726 qne
1264 1673 1341 1713 inc.
1380 1672 1489 1714 Flor.
1523 1689 1546 1714 a
1564 1671 1624 1728 pf.
1645 1690 1702 1714 m.

256 1748 350 1801 quin
369 1747 443 1783 inc.
546 1741 678 1798 forte.
726 1739 855 1782 Amb.
881 1745 916 1780 1.
934 1740 966 1779 F
968 1743 1042 1782 lor.
1065 1740 1299 1796 etiamfcre.
1404 1751 1472 1779 aut
1494 1758 1568 1780 non
1589 1758 1627 1780 cs
1646 1766 1703 1772 -—-

257 1830 333 1853 non
365 1829 418 1852 es,
476 1809 585 1851 Flor.
616 1826 656 1849 a.
689 1822 726 1847 n.
760 1818 816 1846 est
844 1831 900 1838 --
929 1825 967 1848 τι.
995 1818 1065 1847 est.
1182 1809 1356 1862 itemque.
1412 1805 1547 1848 Guelf.
1577 1806 1702 1849 Goth.

257 1880 399 1933 Camp.
424 1880 567 1932 itaque.
677 1876 784 1914 lzcrcs
808 1891 883 1914 non
902 1891 955 1915 cs·
1012 1875 1139 1917 Amb.
1166 1880 1204 1914 1.
1226 1873 1324 1915 Loc.
1345 1874 1452 1915 Ven.
1482 1874 1583 1918 Ald.
1610 1893 1648 1916 n.
1667 1892 1700 1917 e.

257 1949 296 1988 Ῐι.
347 1946 454 1987 Flor.
487 1962 561 1985 non
588 1944 709 1983 her-cs.
764 1942 872 1984 Jens.
898 1942 1018 1983 Tarv.
1050 1958 1125 1981 non
1149 1942 1269 1982 heres.
1385 1959 1462 1982 non
1483 1945 1577 1996 just.
1604 1954 1641 1983 ί.
1665 1961 1698 1984 e.

256 2014 370 2056 Sich.
403 2016 524 2053 etiam
548 2015 579 2067 j.
601 2023 630 2052 t.
651 2028 726 2052 non
744 2027 776 2052 e.
881 2020 1004 2064 potes.
1052 2009 1158 2050 Flor.
1182 2019 1324 2064 potest.
1426 2010 1540 2049 nobis
1559 2011 1595 2051 b.
1617 2009 1699 2064 adj.

256 2081 324 2122 Sic
344 2083 465 2121 etiam
484 2080 612 2122 Amb.
634 2072 674 2121 1.
733 2077 797 2121 At
816 2077 951 2118 Turio.
974 2095 1011 2118 n.
1035 2077 1115 2131 adj.
1138 2078 1174 2118 h.
1186 2107 1200 2127 ,
1238 2092 1330 2118 cum
1346 2076 1453 2117 Flor.
1513 2094 1551 2118 n.
1572 2077 1608 2118 b,
1627 2078 1702 2117 ad-

251 2149 433 2200 judicata
462 2145 581 2187 Goth.

369 2217 407 2269 §.
442 2219 507 2254 17.
567 2224 661 2255 tum.
705 2212 815 2254 ‘Flor.
837 2229 936 2253 cum.
1041 2222 1102 2251 vest
1131 2226 1212 2252 nco.
1239 2211 1324 2252 illa.
1373 2209 1479 2251 Flor.
1510 2209 1646 2251 Guelf.
1669 2212 1697 2252 i.

257 2301 290 2323 e.
311 2299 351 2325 n.
463 2283 591 2321 oratio
613 2281 776 2334 largior.
825 2279 955 2321 Amb.
978 2285 1016 2322 1.
1050 2280 1151 2320 ratio
1182 2279 1348 2331 longior.
1453 2277 1698 2333 Aliquando.

255 2350 385 2393 Amb.
415 2354 452 2389 1.
483 2348 619 2403 aliqui.
675 2347 782 2388 Flor.
804 2347 978 2401 aliquod.
1066 2346 1190 2386 Silent
1211 2346 1323 2399 leges.
1374 2345 1503 2387 Amb.
1527 2351 1564 2386 1.
1585 2345 1694 2386 Flor.

253 2421 393 2457 insert.
425 2418 536 2457 enim.
652 2432 721 2455 nec
748 2432 790 2454 se
816 2430 911 2469 esrp.
964 2413 1098 2455 Guelf.
1123 2431 1156 2453 n.
1175 2430 1208 2453 s.
1231 2425 1457 2469 expectare.
1504 2411 1631 2454 Amb.
1655 2418 1696 2452 1.

256 2484 394 2525 Turio.
430 2499 453 2525 a
486 2499 547 2537 pr.
578 2499 635 2524 m.
665 2483 773 2523 Flor.
804 2498 872 2521 nec
899 2499 978 2521 esse
1005 2492 1172 2536 excepta
1207 2484 1263 2520 rei
1271 2511 1283 2531 ,
1331 2481 1402 2521 sed
1425 2480 1533 2520 Flor.
1562 2480 1697 2530 adjicit

251 2552 405 2604 jubent,
456 2560 495 2591 et
523 2554 567 2590 ’111
596 2554 710 2591 initio
736 2551 877 2603 repetit
901 2551 942 2588 in
974 2549 1086 2602 leges.
1143 2548 1280 2589 Turio.
1307 2563 1332 2588 a
1355 2563 1434 2588 sec.
1460 2562 1516 2587 m.
1544 2562 1694 2585 necesse

259 2620 498 2672 exspectari.
595 2620 681 2659 ciem
700 2640 750 2649 —-
769 2615 874 2656 velit.
923 2614 1059 2656 Turio.
1090 2631 1112 2655 a
1140 2632 1201 2669 pr.
1231 2631 1286 2656 m.
1317 2615 1425 2655 Flor.
1449 2629 1535 2653 cum
1554 2624 1588 2651 et
1609 2615 1693 2667 quis

257 2695 292 2723 et
322 2701 486 2738 peccare
512 2684 643 2727 velint.
688 2684 804 2728 Ahn.
835 2699 870 2723 c.
897 2685 932 2721 ei
960 2686 1046 2737 quis
1077 2699 1170 2737 exp.
1195 2683 1336 2731 velint,
1387 2695 1480 2722 cum
1507 2678 1642 2720 Turio.
1669 2695 1691 2719 a
