1775 3091
371 295 424 335 acl
455 294 619 348 Quintil.
649 295 779 337 Instit.
812 295 893 345 ΠΖ
928 303 963 338 1.
1023 299 1058 351 §.
1088 302 1286 342 33-43,
1468 312 1548 349 179

219 410 254 461 ξ.
287 409 355 450 40.
415 413 582 465 quinque
623 413 750 451 omitt.
793 409 902 450 Jens.
1019 410 1138 460 Sunt,
1175 414 1311 468 quibus
1342 433 1375 457 r.
1411 419 1547 459 videa-

103 488 179 517 ναν.
238 476 282 517 S.
313 476 544 531 quibusdam
570 496 600 518 r.
626 478 705 517 vicl.
733 476 869 518 Turio.
902 494 923 518 a
944 495 1002 532 pr.
1025 494 1081 523 m.
1112 480 1219 522 Flor.
1243 497 1263 521 a
1285 499 1344 536 pr,
1366 500 1422 526 m.
1455 503 1548 529 cum

100 542 212 585 Alm.
266 545 503 596 Quibusdam
526 545 679 584 videtur
699 543 860 596 (omisso
880 546 997 600 Sunt)
1017 545 1137 588 Amb.
1154 554 1213 602 1.;
1245 553 1289 589 ill
1309 551 1387 592 hoc
1410 562 1545 595 talnen

98 612 188 651 dum
220 622 276 652 est
306 628 327 652 a
354 628 431 652 sec.
462 628 517 652 m.
548 614 786 666 profectum.

210 682 244 731 §.
267 682 335 720 41.
381 682 419 719 in
445 679 685 720 admirabili.
736 683 775 718 in
804 683 932 721 omitt.
958 685 1077 722 etlam
1096 683 1218 736 Flor.,
1244 688 1333 726 fort.
1364 685 1487 729 Amb.
1504 696 1541 730 1.

207 750 243 800 ᾧ.
278 750 344 788 42.
402 747 540 787 Esco.
603 759 636 786 et
667 763 746 787 om.
780 746 897 788 Amb.
927 754 963 789 1.
1077 752 1233 805 quidum
1261 755 1402 795 (πονεῖ.
1455 761 1545 810 qui-

96 815 181 854 dem
210 817 307 856 dant
335 818 455 856 etiam
484 815 574 855 Par.
599 820 636 855 1.
662 821 701 856 2.
734 821 771 856 5.
804 815 928 856 Amb.
960 824 1001 858 2.
1060 819 1166 859 Hinc
1199 824 1393 874 originem
1419 829 1541 865 traxit

94 884 307 936 dividitur,
336 885 446 939 quod
475 899 545 937 pro
573 878 748 922 invidum
779 893 835 922 est
862 887 904 922 in
934 884 1053 926 Voss.
1084 893 1124 927 2.
1155 886 1277 928 Goth.
1312 889 1398 930 Par.
1428 895 1468 932 2,
1501 898 1541 933 3,

201 964 359 1006 parics,
401 954 530 1006 princ.
591 948 700 990 Inter
740 951 838 990 haec
880 963 1066 1004 repetunt
1107 957 1145 993 in
1186 954 1309 997 Goth.
1351 957 1468 999 Voss.
1499 966 1540 1001 2.

91 1035 185 1059 cum
212 1021 304 1059 edd.
337 1029 427 1059 ante
460 1017 639 1073 Gryph.‚
680 1035 767 1059 exc.
809 1019 948 1073 Calnp.
984 1019 1094 1060 Sich.
1211 1035 1251 1062 ut
1279 1027 1344 1065 sit.
1398 1025 1535 1068 Turio.

89 1103 111 1126 a
140 1104 198 1141 pr.
230 1103 286 1127 m.
326 1086 434 1127 Flor.
468 1102 489 1125 a
518 1103 576 1139 pr.
610 1102 666 1126 m.
698 1098 736 1125 nt
767 1090 842 1125 sint
882 1103 975 1126 cum
1010 1087 1126 1128 Ajm.
1253 1093 1293 1129 in
1318 1095 1537 1147 principiis,

147 1158 183 1194 in
214 1158 410 1210 principio
440 1155 561 1193 habet
591 1156 712 1191 etiam
746 1152 836 1193 Par.
873 1160 913 1194 2.
1037 1173 1133 1209 quae
1166 1160 1271 1211 quia·
1294 1176 1387 1199 csse.
1445 1165 1539 1214 quia

87 1226 216 1262 omitt.
251 1225 372 1261 etiam
401 1221 506 1261 Flor.
537 1236 559 1260 a
586 1236 647 1273 pr.
677 1235 733 1259 m.
763 1218 886 1260 Amb.
919 1226 959 1261 2.
1003 1220 1087 1274 (hic
1118 1233 1322 1275 praeterea
1358 1238 1412 1264 est
1443 1243 1537 1268 cum

84 1290 224 1330 Turic.
261 1287 399 1339 Abu„
432 1304 516 1328 non
544 1289 756 1327 accedente
785 1286 912 1340 Flor.)
942 1287 1034 1328 Par.
1069 1296 1110 1330 2.
1143 1294 1183 1330 5.
1300 1309 1443 1333 causae
1466 1311 1536 1348 gc-

84 1375 186 1397 ncre.
247 1356 447 1397 Ordinem
477 1365 637 1396 mutant
666 1354 805 1409 Camp.
837 1364 877 1394 et
893 1358 992 1396 -rell.
1021 1366 1112 1396 ante
1140 1356 1269 1399 Stoer.
1377 1364 1531 1403 animis.

83 1425 221 1465 Turio.
251 1424 360 1464 Flor.
393 1438 416 1462 a
439 1439 498 1477 pr.
526 1439 580 1462 111.
610 1422 736 1463 Amb.
754 1430 794 1464 2.
853 1426 1004 1463 animus
1015 1440 1030 1477 ;
1059 1426 1154 1464 inde
1194 1430 1344 1467 animos
1372 1427 1479 1468 Flor.
1512 1446 1531 1469 a

82 1509 161 1533 sec.
194 1508 250 1532 m.
291 1491 400 1532 Jens.
437 1500 476 1532 et
514 1501 678 1545 posterr.
718 1501 810 1530 ante
851 1490 954 1531 Bad.
1078 1492 1212 1548 fivns.
1267 1494 1368 1550 for-s
1410 1499 1533 1537 etiam

80 1561 186 1601 Flor.
218 1559 344 1600 Amb.
368 1566 431 1611 2.,
461 1576 548 1599 sors
573 1559 664 1600 Par.
687 1564 724 1599 1.
755 1575 849 1599 cum
877 1559 995 1599 Voss.
1022 1564 1060 1599 1.
1177 1564 1272 1615 quia
1300 1563 1529 1605 hominibus.
1551 1597 1553 1599 .

82 1627 204 1670 Goth.
236 1631 373 1668 inserit
402 1629 450 1667 ab
481 1644 575 1667 cum
605 1627 724 1667 Voss.
756 1633 795 1667 2.
837 1627 946 1667 Jens.
981 1637 1020 1667 et
1049 1637 1212 1681 posterr.
1244 1639 1338 1670 ante
1371 1629 1527 1686 Gryph.

81 1712 167 1736 exc.
199 1695 309 1737 Sich.
423 1707 489 1736 aut
513 1699 547 1734 si
562 1695 693 1750 faeie.
752 1695 887 1734 Etiam
917 1694 1024 1734 Flor.
1059 1711 1081 1734 a
1101 1712 1159 1748 pr.
1179 1712 1236 1736 m.
1268 1713 1346 1737 om.
1377 1701 1424 1737 si.

80 1781 228 1818 qnoque
260 1767 358 1818 ipsa.
420 1763 621 1804 Ordinem
649 1766 855 1801 invertunt
884 1760 1017 1801 Guelf.
1044 1762 1165 1803 Goth.
1197 1779 1290 1802 cum
1320 1766 1410 1804 edd.
1435 1776 1526 1805 ante

80 1830 235 1883 Gryph.
269 1846 355 1869 exc.
388 1829 527 1882 Camp.
631 1830 828 1868 invidiosa
859 1831 1114 1868 consistentis.
1171 1828 1238 1869 Sic
1269 1834 1389 1869 etiam
1416 1831 1523 1873 Flor.

78 1898 175 1953 (nisi
205 1899 311 1953 quod
342 1913 363 1937 a
388 1914 447 1950 pr.
471 1913 527 1937 111.
563 1898 630 1936 dat
690 1894 916 1947 consistens)
946 1894 1071 1936 Δηὼ.
1097 1900 1134 1936 1.
1156 1901 1195 1936 2.
1312 1901 1433 1950 caeci,
1463 1902 1525 1938 in·-

73 1967 215 2022 s'cmtis.
276 1965 431 2006 Ordine
463 1969 545 2004 inv.
578 1963 712 2005 Guelf.

193 2035 230 2084 §.
262 2035 329 2073 43.
403 2033 454 2071 Et
491 2033 654 2086 quidem.
714 2031 804 2071 Par.
835 2037 874 2071 2.
907 2030 1084 2085 quidam,
1120 2030 1210 2071 Par.
1247 2035 1283 2070 1.
1324 2042 1523 2085 receptam

75 2110 223 2141 tuetur,
340 2104 613 2155 materiasque.
674 2097 796 2139 Goth.
828 2098 1039 2152 modosque
1065 2113 1158 2137 cum
1196 2097 1314 2138 Voss.
1350 2103 1387 2138 1.
1430 2097 1525 2154 (nisi

78 2174 117 2210 2.
151 2185 231 2208 esse
263 2169 461 2222 debebat).
576 2170 653 2222 ipsi
682 2168 769 2206 sibi.
799 2165 925 2206 Amb.
959 2170 997 2205 1.
1031 2163 1154 2205 Goth.
1187 2180 1280 2204 cum
1308 2166 1398 2205 edd.
1430 2177 1522 2207 ante

73 2228 224 2287 Smer„
249 2252 335 2276 exc.
359 2236 513 2289 Camp„
536 2237 718 2275 ordinem
737 2238 955 2274 invertunt.
1062 2244 1095 2270 et
1118 2231 1170 2270 acl
1189 2248 1344 2272 morem.
1386 2231 1521 2272 Etiam

75 2303 184 2344 Flor.
231 2319 254 2342 a
294 2320 354 2356 pr.
390 2319 448 2343 ln.
516 2315 549 2341 ct
592 2318 774 2342 amorem.
897 2310 1187 2355 persequamur.
1239 2312 1521 2353 prosequuntur

77 2374 200 2410 etiam
228 2369 350 2410 Amb.
375 2376 414 2410 2.
448 2381 486 2410 et
518 2373 605 2410 rell.
639 2385 798 2418 omnes,
834 2371 913 2407 nisi
940 2370 1087 2406 fallunt
1117 2376 1315 2420 excerpta.
1433 2367 1518 2417 hac,

77 2455 177 2478 cum.
239 2439 333 2477 hacc
361 2454 447 2476 cum
473 2437 610 2477 Turio.
642 2438 750 2477 Flor.
783 2434 904 2475 Amb.
928 2441 965 2475 1.
984 2441 1022 2475 2.
1052 2433 1186 2475 Guelf.
1217 2433 1329 2474 Sich.
1363 2431 1518 2486 Gryph.

78 2522 161 2545 cum
194 2505 289 2544 haec
320 2503 443 2544 Goth.
473 2504 592 2545 Voss.
615 2512 654 2547 2.
684 2520 776 2544 cum
802 2503 911 2543 Jens.
934 2512 972 2542 et
1001 2506 1084 2542 rell.
1118 2510 1210 2540 ante
1241 2500 1371 2540 Stoer.
1417 2499 1519 2540 Inde

78 2583 209 2612 ortum
240 2583 297 2612 est
326 2573 572 2611 extrahenda
599 2576 642 2612 in
674 2571 837 2624 Camp.‚
870 2571 979 2625 quod
1007 2586 1057 2608 ex
1086 2569 1244 2608 emend.
1269 2565 1387 2619 Regii
1416 2565 1517 2607 Bad.

78 2639 192 2680 Cerv.
238 2640 392 2694 Gryph.
435 2650 682 2693 receperunt.
817 2637 1199 2691 comprelzemlanlur.
1271 2634 1518 2687 comprehen-

78 2707 219 2746 duntur
267 2708 402 2749 TurIC.
446 2723 468 2747 a
506 2724 565 2762 pr.
604 2724 659 2747 m.
708 2707 815 2748 Flor.
860 2721 884 2745 a
922 2721 981 2758 pr.
1021 2719 1077 2743 m.
1123 2702 1244 2742 Amb.
1290 2706 1327 2741 1.
1377 2698 1513 2740 Guelf.

76 2773 192 2816 Voss.
227 2780 264 2817 3.
295 2774 417 2815 Bern,

962 2838 1007 2878 M
1038 2844 1063 2879 2
