1775 3091
264 261 316 302 <ul
347 260 506 315 Quintil.
538 260 653 300 Instit
697 258 754 309 Π,
791 264 854 300 12.
885 262 920 312 ς.
944 263 1109 300 3-12,
1172 263 1235 300 13.
1271 258 1466 308 §.1—5.
1529 267 1582 304 93

263 379 298 430 §.
325 382 387 416 10.
445 375 532 414 Jam
556 373 688 414 collid.
749 373 854 414 Nam
877 372 966 414 coll.
989 371 1109 413 Amb.
1136 378 1172 413 1.
1202 388 1296 425 apr.
1318 387 1372 414 m.
1433 371 1583 427 [Adde

151 445 201 484 ad
231 461 314 484 rem
336 444 615 497 explicandam
634 444 757 496 praef.
785 442 881 482 Vol.
905 440 924 481 I
953 458 994 496 p.
1015 439 1282 492 LXXXIII]
1379 441 1432 479 acl
1450 441 1585 495 pulla.-

150 523 242 551 ium.
302 511 539 567 appellatum
567 510 704 550 Turic.
739 509 878 564 Camp.
992 512 1171 560 variare,
1201 508 1413 563 disponere.
1473 511 1585 551 Haec

149 595 229 620 om.
259 578 384 620 Amb.
411 584 446 619 1.
478 595 501 619 a
529 595 588 633 pr.
618 594 672 618 m.
789 577 926 617 colori.
988 577 1151 617 colorem
1180 576 1450 618 Turic.AJ1n.
1474 577 1584 619 Flor.

150 646 315 701 Camp.,
357 664 377 686 e
403 649 545 701 reliqq.
567 649 694 696 solus,
730 655 928 701 quantum
947 647 1085 695 video,
1116 643 1215 686 Loc.
1327 647 1378 684 sit
1394 648 1587 686 omittunt

148 719 271 755 etiam
300 715 436 755 TurIc.
473 714 577 754 Flor.
618 713 744 754 Amb.
777 720 815 755 2.
858 714 926 770 (et
955 714 1077 755 l'ariS.
1109 719 1146 754 1.
1182 719 1221 754 2.
1253 716 1291 755 5.
1332 711 1474 768 Camp.
1508 728 1586 754 no-

149 792 258 823 tante
286 782 519 836 Pottierio.)

264 852 301 901 §.
336 856 401 891 11.
462 861 496 889 ct
524 853 684 904 impios,
745 861 780 889 ct
818 852 945 890 omitt.
989 849 1123 890 Turio.
1164 848 1270 889 Flor.
1302 847 1417 889 Ahn.
1447 851 1586 900 Guelf.

149 917 274 959 Amb.
301 924 340 958 2.
369 917 487 958 Voss.
516 923 553 957 1.
575 923 614 958 2.
648 915 770 957 Goth.
812 917 950 970 Camp.
985 920 1091 958 Jens.
1122 927 1162 957 et
1188 925 1287 971 post.
1317 926 1407 956 ante
1428 914 1584 970 ffiy·ph.

152 985 289 1038 [Vide
319 984 525 1039 Spalding.
558 989 599 1023 in
629 988 792 1038 praefat.
824 985 920 1025 Vol.
951 982 971 1024 I
1000 1002 1037 1038 p.
1062 981 1340 1035 LXXXIII]
1454 983 1589 1038 appel-

151 1053 240 1093 lent.
302 1052 500 1107 appellant
538 1051 663 1091 Amb.
695 1057 736 1092 2.
771 1062 810 1093 et
841 1054 930 1093 edd.
964 1052 1074 1094 (J'ibs.
1108 1053 1233 1105 Obr.3
1275 1061 1477 1105 receptam
1498 1061 1589 1091 tue-¹

150 1130 214 1160 tur
242 1129 397 1172 praeter
426 1122 522 1158 alios
550 1118 677 1157 Amb.
701 1124 736 1157 1.

261 1189 297 1238 ᾗ.
331 1192 395 1226 12.
447 1189 533 1239 jam
559 1185 725 1239 pridem.
785 1184 1038 1239 Astipulatur
1054 1184 1179 1226 Amb.
1207 1191 1271 1237 1.;
1314 1189 1450 1239 etjam
1468 1187 1592 1227 habet

150 1254 314 1307 Camp.,
361 1268 454 1293 cum
484 1255 570 1292 aliis
601 1254 689 1292 edd.
722 1263 816 1295 vett.
874 1256 989 1293 etiam
1028 1253 1152 1294 Paris.
1184 1260 1221 1292 1.
1254 1258 1293 1293 2.
1321 1258 1360 1293 3.
1473 1265 1592 1308 pum-

150 1323 294 1362 lmmns.
350 1332 531 1378 putamus
559 1320 697 1363 Turio.
813 1322 1054 1377 inquirendo.
1103 1324 1143 1362 in
1165 1320 1382 1377 quaerendo
1410 1323 1526 1362 Amb.
1553 1327 1589 1363 1.

681 1447 713 1491 C
743 1462 771 1489 A
803 1465 842 1491 P.
901 1443 1058 1490 XIII.

262 1531 298 1580 §.
333 1534 369 1569 1.
430 1531 676 1570 constricias.
736 1532 979 1584 conscriptas
1007 1528 1131 1570 Paris.
1155 1534 1194 1570 2.
1216 1532 1254 1568 3.
1283 1526 1392 1568 Jens.
1422 1536 1461 1567 et
1490 1537 1590 1581 post.

151 1606 243 1637 ante
262 1596 373 1637 sich,
389 1629 399 1649 ,
435 1613 520 1638 exc.
540 1596 640 1638 ΑΜ.
699 1608 944 1637 οοηετνιιείαε
964 1595 1089 1637 Paris.
1112 1601 1150 1637 1.
1214 1598 1446 1636 constrictas
1465 1595 1590 1636 Paris.

150 1669 189 1707 5.
246 1687 250 1691 ·
304 1666 395 1705 huic
424 1668 616 1705 narratio.
676 1665 768 1705 huic
796 1681 875 1706 om.
909 1664 1049 1719 Camp.
1110 1666 1214 1704 ratio
1253 1662 1391 1703 Turio.
1423 1662 1531 1703 Flor.
1569 1678 1593 1702 a

149 1750 207 1787 pr.
238 1749 292 1772 m.
323 1732 436 1772 Alm.
551 1744 631 1772 tum
658 1744 749 1773 cert.
807 1744 898 1773 tunc
928 1749 962 1773 c.
1002 1732 1130 1773 Amb.
1161 1738 1198 1772 l·
1315 1730 1475 1785 quidam
1504 1742 1595 1776 uzn-

151 1818 267 1855 quam
289 1804 402 1854 jussi,
498 1800 604 1840 Flor.
636 1817 672 1854 q.
699 1811 846 1840 tantum
869 1804 930 1855 j.‚·
995 1811 1146 1839 tantum
1174 1810 1356 1853 quantum
1388 1801 1446 1851 ]”.,
1485 1798 1597 1852 quod

148 1869 271 1908 habet
300 1868 461 1918 Turic.,
504 1878 725 1920 agnoscunt
755 1871 875 1907 etiam
904 1866 1022 1906 Bodl.
1056 1865 1171 1905 AJm.
1212 1865 1313 1906 Obr.
1343 1867 1434 1905 fort.
1465 1865 1593 1908 Amb.

151 1942 190 1976 1.
249 1938 307 1975 sic
335 1945 424 1989 post
448 1938 549 1990 jussi
576 1938 651 1975 ins.
683 1938 806 1975 etiam
834 1934 941 1975 Flor.
971 1933 1098 1974 Amb.
1123 1939 1161 1973 1.
1194 1932 1336 1987 Camp.

263 2005 299 2054 §.
331 2009 371 2043 2.
430 2020 504 2043 uno
536 2015 571 2043 et
601 2005 719 2043 brevi.
778 2013 814 2041 et
844 2017 924 2042 om.
955 2004 1078 2041 etiam
1104 2000 1212 2041 Jens.
1245 2010 1285 2040 et
1310 2000 1433 2041 Paris.
1455 2007 1498 2042 2.

148 2087 279 2112 occas.
309 2088 448 2110 neceSS.
509 2088 591 2113 nec.
636 2088 720 2112 occ.
763 2070 873 2111 Jens.
905 2079 945 2109 et
974 2079 1074 2123 post.
1106 2078 1199 2110 ante
1229 2066 1411 2123 Gryph,
1461 2070 1596 2109 nescio

149 2155 230 2195 quo
262 2140 351 2179 cod.
386 2149 559 2180 auctore.
676 2139 761 2179 icleo
797 2154 877 2179 om.
910 2137 1047 2178 Turio.

262 2208 300 2258 §.
334 2213 371 2247 3.
435 2208 539 2260 Quid
569 2211 667 2247 enim
694 2210 742 2248 si.
806 2206 948 2260 Quid?
985 2208 1020 2245 si
1036 2220 1169 2260 praec.
1193 2207 1293 2245 enim
1323 2203 1465 2259 Camp.
1509 2203 1598 2244 Re-

146 2278 249 2330 liqui
286 2278 476 2328 silentur,
525 2286 564 2317 et
594 2278 755 2325 favent,
804 2278 850 2314 ni
888 2276 943 2326 f.‚
995 2277 1210 2327 scripturae
1247 2272 1390 2313 Burm.
1424 2282 1463 2312 et
1493 2272 1596 2314 Obr.

151 2342 256 2393 Quid
292 2346 327 2381 si
366 2347 465 2383 enim
498 2361 563 2398 pr.
681 2346 856 2383 instruet.
915 2345 1084 2381 instruat
1113 2339 1240 2386 Amb.
1272 2346 1309 2380 1.
1343 2339 1476 2381 Guelf.
1536 2343 1600 2379 in·-

147 2421 310 2448 strueret
340 2410 458 2450 Voss.
489 2416 525 2452 1.
562 2417 599 2452 3.
660 2414 819 2450 instruit
847 2410 959 2451 Sich.
1061 2408 1258 2465 fortasse.
1313 2408 1430 2465 forte
1470 2407 1597 2466 :Amb‘

150 2483 188 2518 1.
287 2480 322 2516 si
339 2478 515 2518 collibus.
564 2481 599 2517 si
619 2493 698 2517 om.
720 2478 858 2518 Turio.
877 2478 985 2518 Flor.
1008 2476 1123 2517 AJm.
1145 2474 1264 2516 Voss.
1287 2491 1439 2528 omnes,
1461 2474 1598 2517 Guelf.

150 2542 273 2586 Goth.
315 2545 455 2599 Camp.
485 2545 593 2585 Jens.
625 2555 664 2585 et
691 2555 791 2599 post.
829 2555 921 2586 ante
962 2545 1120 2593 Coun„
1175 2559 1261 2583 exc.
1298 2542 1400 2583 Ald.
1461 2541 1597 2584 Guels.

153 2609 280 2646 omits·
313 2617 429 2652 etiam
459 2616 628 2653 alterum
659 2616 695 2652 si
703 2644 715 2662 ,
760 2623 852 2654 ante
882 2630 991 2653 mons
1019 2615 1207 2665 posittun.

267 2675 303 2724 §.
341 2679 378 2716 5.
426 2674 544 2731 fusa.
606 2681 754 2731 affusa
791 2681 897 2717 Jens.
939 2679 1036 2716 Loc.
1067 2678 1168 2716 Bad.
1203 2677 1318 2716 Cerv.
1348 2689 1442 2715 cum
1472 2672 1596 2715 Goth.

153 2749 192 2782 et
226 2745 340 2784 Voss.
383 2758 547 2796 omnes„
