1775 3091
230 215 308 250 338
667 203 939 260 S'irppfemema
969 209 1231 247 annotazionis

235 323 340 363 Nam
371 340 470 363 cum.
523 321 625 363 Flor.
668 325 788 359 etjam
816 323 952 358 inem-it
981 331 1028 358 el.
1147 337 1242 359 eum.
1302 318 1439 359 Turio.
1479 333 1501 357 a
1529 334 1589 372 pr.
1618 334 1674 359 m.

234 391 341 433 Flor.
371 391 506 432 Guels.
538 406 636 429 cum.
754 403 809 426 ezr
839 387 940 427 alca.
1000 385 1125 426 Amb.
1158 393 1194 427 1,
1226 385 1333 427 Flor.
1362 389 1485 426 etiam
1515 385 1644 425 emalc.

350 493 388 543 §.
419 496 485 531 73.
546 487 715 529 erium.
777 486 903 529 Amb.
936 494 973 529 1.
1017 492 1138 529 efiam
1177 499 1342 530 curium.
1455 498 1531 528 act.
1571 503 1675 526 suae.

236 559 377 613 Camp.
399 575 431 598 s.
455 573 491 595 a.
597 566 632 594 ct.
661 554 790 594 simul.
837 555 962 596 Amb.
987 562 1024 597 1.
1056 557 1162 598 Flor.
1191 560 1312 597 etiam
1334 566 1375 595 ui
1396 572 1429 596 s.
1534 555 1681 594 Fabiae

241 625 480 667 Dolabellae.
526 622 652 663 Amb.
686 628 723 662 1.
765 638 788 662 a
816 639 875 677 pr.
910 641 963 664 111.
995 624 1114 681 fabia
1146 624 1356 664 dolabella.
1475 640 1515 662 se
1543 638 1680 662 annos-

236 696 342 735 Flor.
378 691 520 744 Camp.
551 708 588 730 a.
619 707 651 730 s.
740 690 814 730 hoc
828 694 926 744 jam.
974 691 1099 733 Amb.
1124 698 1161 733 1.
1194 692 1301 732 Flor.
1325 694 1507 731 inserunt
1526 689 1651 729 illam.

351 758 503 814 [Quod
531 758 787 812 Spaldingius
819 761 933 799 litem
962 776 1123 800 movere
1155 761 1311 798 videtur
1340 761 1535 798 locutioni
1558 773 1681 797 annos

237 829 398 879 habere,
447 826 553 866 nihi]
584 836 661 877 est,
710 835 754 866 ut
780 829 863 880 ipse
896 836 1030 880 postea
1059 830 1275 867 intellexit.
1333 826 1438 867 Nam
1463 841 1516 864 ne
1546 827 1681 864 locum

236 894 404 950 Nepotis
435 909 486 933 ex
514 896 598 934 vita
625 892 711 934 Att.
745 909 779 934 c-
805 899 830 935 7
870 912 956 934 cum
984 912 1106 934 annos
1144 894 1351 934 haberet
1387 895 1602 946 seoeaginia
1632 907 1683 930 ex

237 965 465 1017 vulgaribus
495 963 635 1001 lexicis
662 964 865 1015 ingeram,
904 965 986 1016 ipse
1020 962 1158 1003 Cicero
1190 963 1241 1002 ad
1269 961 1357 1002 Att.
1379 959 1454 1011 IV,
1478 965 1502 1002 8
1533 961 1599 1016 qni
1627 969 1684 998 iot

238 1047 383 1079 annos,
435 1039 527 1085 quot
557 1028 728 1081 habet,
783 1028 1007 1082 designatus
1046 1029 1183 1070 consul
1205 1030 1357 1088 fuerit,
1416 1038 1457 1069 et
1491 1043 1533 1082 p.
1565 1025 1682 1067 Caec.

239 1116 276 1141 c.
301 1103 352 1140 19
384 1099 489 1153 isque
511 1099 595 1152 jam
626 1113 749 1137 annos
776 1096 873 1136 XX
897 1097 1132 1150 haberem]

354 1202 390 1252 §.
421 1200 490 1240 74.
548 1198 786 1239 mordacius.
825 1197 959 1238 Turio.
981 1214 1002 1238 a
1023 1215 1100 1240 sec.
1123 1215 1178 1239 m.
1199 1198 1404 1239 mov-claiis.
1493 1195 1685 1236 Passieni.

240 1268 364 1308 Amb.
391 1272 428 1306 1.
448 1268 656 1320 passionis.
703 1266 810 1308 Flor.
835 1270 955 1306 etiam
974 1270 1171 1322 passioni.
1260 1269 1440 1306 incusans
1461 1267 1555 1320 ejus.
1597 1262 1688 1303 Tu—

241 1338 311 1375 ric.
344 1350 366 1373 a
395 1350 455 1388 pr.
488 1349 542 1373 m.
576 1336 731 1373 incusas
762 1337 873 1375 cium.
988 1335 1125 1375 solere.
1180 1334 1318 1374 Turio.
1352 1349 1374 1374 a
1401 1349 1462 1388 pr.
1490 1349 1547 1373 m.
1577 1331 1699 1373 Flor.,

241 1402 392 1442 soleret.
496 1400 723 1442 mehercule,
771 1401 898 1442 Amb.
931 1408 967 1442 1.
999 1406 1120 1442 etiam
1151 1401 1397 1442 mehercules,
1500 1402 1687 1440 imitatus.

241 1468 379 1509 Turio.
411 1470 623 1508 inmitatus.
729 1485 788 1522 eq.
810 1468 927 1508 Rom.
979 1468 1120 1522 Camp.
1143 1473 1262 1510 inser.
1294 1472 1373 1524 qui.
1479 1467 1690 1521 objicienti.

243 1535 387 1590 Camp.
412 1535 605 1575 obicienti.
707 1535 945 1576 comedisset.
1000 1535 1138 1576 Turic.
1171 1552 1192 1575 a
1213 1552 1273 1590 pr.
1294 1551 1350 1575 m.
1382 1533 1658 1575 commedisset.

354 1628 390 1678 §.
422 1628 492 1665 75.
550 1626 714 1664 veniam.
770 1623 896 1664 Amb.
929 1629 968 1665 1.
997 1625 1268 1665 verecundiam
1309 1627 1390 1680 [ex
1418 1640 1497 1680 quo
1528 1626 1690 1664 fortasse

243 1691 556 1733 inverecundiam
586 1694 794 1742 conjicIas,
834 1695 933 1731 item
962 1701 1098 1746 postea
1125 1703 1160 1731 ct
1188 1708 1259 1746 pro
1292 1703 1381 1744 aut,
1421 1696 1465 1731 ni
1496 1693 1573 1732 hoo
1596 1693 1691 1730 ferri

244 1776 356 1815 posse
375 1758 566 1810 videtur]
636 1769 691 1796 est
712 1775 815 1799 usus.
855 1758 994 1815 Camp.
1013 1777 1070 1801 us.
1091 1777 1123 1800 e.
1211 1764 1304 1815 ipsc.
1342 1759 1469 1800 Amb.
1494 1765 1533 1799 1.
1556 1762 1603 1799 is.

244 1845 298 1868 se.
345 1826 556 1868 Omittunt
583 1824 719 1866 Turio.
751 1841 774 1865 a
796 1842 856 1881 pr.
871 1842 927 1866 m.
949 1827 1056 1869 Flor.
1082 1826 1216 1869 Guelf.
1242 1827 1383 1882 Camp.
1466 1825 1692 1868 Publiliam.

245 1894 371 1936 Amb.
397 1899 435 1935 1.
457 1896 579 1933 etiam
594 1892 783 1948 publiam.
830 1894 939 1936 F.!or.
962 1896 1173 1951 publicam.

359 1988 396 2039 §.
427 1987 496 2026 76.
555 1983 729 2039 quidam.
787 1983 924 2026 Tus-ic.
957 1985 1123 2042 quidem.
1237 2004 1327 2043 quo.
1382 1985 1491 2028 Flor.
1532 1998 1694 2040 quoque

248 2050 366 2109 quod.

361 2145 398 2193 §.
419 2146 489 2183 77.
548 2139 640 2180 Sed.
684 2139 892 2183 omittunt
909 2142 1010 2184 Ald.
1033 2154 1072 2185 et
1095 2146 1287 2185 editiones
1311 2152 1402 2184 ante
1423 2141 1550 2194 Gibs.‚
1582 2157 1694 2183 exce.

251 2209 403 2250 Cervic.
427 2208 556 2249 Stoer.
582 2208 753 2250 Chouet.
848 2228 939 2265 qua.
986 2211 1095 2253 Jeus.
1120 2215 1227 2267 quia.
1309 2228 1416 2266 pass.
1436 2211 1538 2251 amb.
1586 2209 1695 2250 Flor.

253 2277 393 2331 Camp.
417 2277 519 2318 amb.
539 2294 649 2332 pass.
729 2279 850 2318 ¹enim.
902 2277 1014 2320 Sich.
1042 2296 1200 2335 quoque
1229 2280 1284 2321 hi.
1386 2278 1697 2317 Tarraconensi-

253 2345 336 2385 hus.
390 2343 516 2385 Amb.
540 2349 578 2385 1.
609 2344 746 2385 Turio.
777 2343 917 2399 Camp.
948 2346 1057 2388 Jens.
1088 2346 1209 2388 Tarv.
1241 2358 1347 2386 terra
1373 2346 1610 2386 cone-usibus.

253 2429 328 2452 ara
358 2414 437 2466 ejus
464 2423 631 2452 enatam.
684 2411 823 2465 Camp.
854 2416 933 2467 ejus
960 2432 1034 2455 ara
1062 2426 1209 2456 natam.
1314 2415 1509 2470 Apparet.
1560 2410 1694 2452 Guelf.

253 2489 473 2533 apparet-ci.
561 2479 797 2519 accendatis.
844 2478 977 2522 Guelf.
999 2482 1212 2524 accedatis.

367 2547 461 2600 [De
496 2546 654 2601 palmae
687 2555 827 2586 enatae
866 2550 994 2589 fausto
1032 2560 1186 2591 ostento
1215 2551 1385 2591 conferri
1416 2548 1551 2603 Spald.
1579 2561 1696 2600 prae-

254 2619 360 2717 ἕξεί-εει
388 2615 499 2664 jussit
527 2613 697 2656 sueton.
731 2611 839 2668 Aug.
872 2631 908 2656 c.
939 2622 992 2658 92
1033 2627 1074 2658 et
1106 2617 1208 2660 Stat.
1238 2618 1340 2661 silv.
1366 2614 1409 2670 Ῑ,
1438 2621 1489 2669 3,
1519 2620 1571 2655 60
1599 2615 1692 2668 ibiq.

303 2679 427 2730 arcl.]
