<?xml version="1.0" encoding="UTF-8"?>
<!DOCTYPE html PUBLIC "-//W3C//DTD XHTML 1.0 Transitional//EN"
    "http://www.w3.org/TR/xhtml1/DTD/xhtml1-transitional.dtd">
<html xmlns="http://www.w3.org/1999/xhtml" xml:lang="en" lang="en">
 <head>
  <title>
</title>
<meta http-equiv="Content-Type" content="text/html;charset=utf-8" />
  <meta name='ocr-system' content='tesseract 3.04.00' />
  <meta name='ocr-capabilities' content='ocr_page ocr_carea ocr_par ocr_line ocrx_word'/>
</head>
<body>
  <div class='ocr_page' id='page_1' title='image "./lexiconquintilia05bonnuoft_0362.png"; bbox 0 0 1775 3091; ppageno 0'>
   <div class='ocr_carea' id='block_1_1' title="bbox 213 209 1214 265">
    <p class='ocr_par' dir='ltr' id='par_1_1' title="bbox 213 209 1214 265">
     <span class='ocr_line' id='line_1_1' title="bbox 213 209 1214 265; baseline -0.003 -15"><span class='ocrx_word' id='word_1_1' title='bbox 213 215 293 251; x_wconf 82' lang='lat'><em>308</em></span> <span class='ocrx_word' id='word_1_2' title='bbox 648 209 921 265; x_wconf 75' lang='lat' dir='ltr'><em>Supplementa</em></span> <span class='ocrx_word' id='word_1_3' title='bbox 952 211 1214 250; x_wconf 77' lang='lat' dir='ltr'><em>annotationis</em></span> 
     </span>
    </p>
   </div>
   <div class='ocr_carea' id='block_1_2' title="bbox 190 320 1658 2063">
    <p class='ocr_par' dir='ltr' id='par_1_2' title="bbox 211 320 1655 580">
     <span class='ocr_line' id='line_1_2' title="bbox 212 320 1652 364; baseline -0.001 -2"><span class='ocrx_word' id='word_1_4' title='bbox 212 325 412 363; x_wconf 60' lang='lat' dir='ltr'><em>maoeimos</em></span> <span class='ocrx_word' id='word_1_5' title='bbox 432 324 640 363; x_wconf 69' lang='lat' dir='ltr'><em>cruciarus.</em></span> <span class='ocrx_word' id='word_1_6' title='bbox 673 322 810 364; x_wconf 75' lang='lat' dir='ltr'>Turio.</span> <span class='ocrx_word' id='word_1_7' title='bbox 828 324 1007 362; x_wconf 66' lang='lat' dir='ltr'><em>mast-imo</em></span> <span class='ocrx_word' id='word_1_8' title='bbox 1031 325 1222 363; x_wconf 75' lang='lat' dir='ltr'><strong><em>cruciatu,</em></strong></span> <span class='ocrx_word' id='word_1_9' title='bbox 1311 320 1423 362; x_wconf 74' lang='lat' dir='ltr'><strong><em>Mihi</em></strong></span> <span class='ocrx_word' id='word_1_10' title='bbox 1441 335 1519 363; x_wconf 88' lang='lat' dir='ltr'><em>om.</em></span> <span class='ocrx_word' id='word_1_11' title='bbox 1533 322 1652 362; x_wconf 69' lang='lat' dir='ltr'>etiam</span> 
     </span>
     <span class='ocr_line' id='line_1_3' title="bbox 211 387 1569 446; baseline -0.001 -15"><span class='ocrx_word' id='word_1_12' title='bbox 211 389 243 431; x_wconf 91' lang='lat' dir='ltr'>F</span> <span class='ocrx_word' id='word_1_13' title='bbox 248 393 321 431; x_wconf 87' lang='lat' dir='ltr'>lor.</span> <span class='ocrx_word' id='word_1_14' title='bbox 420 390 540 446; x_wconf 73' lang='lat' dir='ltr'><em>filius</em></span> <span class='ocrx_word' id='word_1_15' title='bbox 557 392 696 428; x_wconf 80' lang='lat' dir='ltr'><em>minor.</em></span> <span class='ocrx_word' id='word_1_16' title='bbox 747 387 884 428; x_wconf 79' lang='lat' dir='ltr'>Turio.</span> <span class='ocrx_word' id='word_1_17' title='bbox 903 388 990 443; x_wconf 81' lang='lat' dir='ltr'><em>filis</em></span> <span class='ocrx_word' id='word_1_18' title='bbox 1017 406 1067 428; x_wconf 90' lang='lat' dir='ltr'><em>m.</em></span> <span class='ocrx_word' id='word_1_19' title='bbox 1120 387 1254 430; x_wconf 82' lang='lat' dir='ltr'><strong>Guelf.</strong></span> <span class='ocrx_word' id='word_1_20' title='bbox 1280 389 1379 429; x_wconf 79' lang='lat' dir='ltr'>haec</span> <span class='ocrx_word' id='word_1_21' title='bbox 1410 393 1569 430; x_wconf 77' lang='lat' dir='ltr'><strong>omittit.</strong></span> 
     </span>
     <span class='ocr_line' id='line_1_4' title="bbox 211 455 1655 512; baseline 0.001 -16"><span class='ocrx_word' id='word_1_22' title='bbox 211 474 386 511; x_wconf 79' lang='lat' dir='ltr'><strong><em>egressus</em></strong></span> <span class='ocrx_word' id='word_1_23' title='bbox 429 473 568 497; x_wconf 79' lang='lat' dir='ltr'><strong><em>annum</em></strong></span> <span class='ocrx_word' id='word_1_24' title='bbox 603 459 730 510; x_wconf 82' lang='lat' dir='ltr'><strong><em>prior.</em></strong></span> <span class='ocrx_word' id='word_1_25' title='bbox 790 455 881 497; x_wconf 82' lang='lat' dir='ltr'>Par.</span> <span class='ocrx_word' id='word_1_26' title='bbox 916 461 952 496; x_wconf 87' lang='lat'><em>1.</em></span> <span class='ocrx_word' id='word_1_27' title='bbox 981 462 1020 496; x_wconf 83' lang='lat'><em>2.</em></span> <span class='ocrx_word' id='word_1_28' title='bbox 1055 470 1217 512; x_wconf 85' lang='lat' dir='ltr'>quoque</span> <span class='ocrx_word' id='word_1_29' title='bbox 1246 474 1278 497; x_wconf 83' lang='lat' dir='ltr'><em>e.</em></span> <span class='ocrx_word' id='word_1_30' title='bbox 1308 473 1346 498; x_wconf 86' lang='lat' dir='ltr'><em>a.</em></span> <span class='ocrx_word' id='word_1_31' title='bbox 1378 460 1418 497; x_wconf 87' lang='lat' dir='ltr'><em>in</em></span> <span class='ocrx_word' id='word_1_32' title='bbox 1442 456 1560 496; x_wconf 79' lang='lat' dir='ltr'><em>malis</em></span> <span class='ocrx_word' id='word_1_33' title='bbox 1588 473 1655 497; x_wconf 80' lang='lat' dir='ltr'><em>nec</em></span> 
     </span>
     <span class='ocr_line' id='line_1_5' title="bbox 211 542 392 580; baseline 0 -16"><span class='ocrx_word' id='word_1_34' title='bbox 211 542 327 579; x_wconf 58' lang='lat' dir='ltr'><em>agere</em></span> <span class='ocrx_word' id='word_1_35' title='bbox 353 543 392 580; x_wconf 76' lang='lat' dir='ltr'><em>p.</em></span> 
     </span>
    </p>

    <p class='ocr_par' dir='ltr' id='par_1_3' title="bbox 203 588 1656 983">
     <span class='ocr_line' id='line_1_6' title="bbox 325 588 1655 645; baseline -0.002 -13"><span class='ocrx_word' id='word_1_36' title='bbox 325 593 360 644; x_wconf 56' lang='grc' dir='ltr'><strong>ᾧ.</strong></span> <span class='ocrx_word' id='word_1_37' title='bbox 392 596 431 632; x_wconf 90' lang='grc'><em>7.</em></span> <span class='ocrx_word' id='word_1_38' title='bbox 491 605 649 643; x_wconf 77' lang='lat' dir='ltr'><strong><em>augere.</em></strong></span> <span class='ocrx_word' id='word_1_39' title='bbox 697 588 806 631; x_wconf 87' lang='lat' dir='ltr'>Flor.</span> <span class='ocrx_word' id='word_1_40' title='bbox 843 588 983 645; x_wconf 82' lang='lat' dir='ltr'><strong>Camp.</strong></span> <span class='ocrx_word' id='word_1_41' title='bbox 1016 588 1150 632; x_wconf 81' lang='lat' dir='ltr'><strong>Guelf.</strong></span> <span class='ocrx_word' id='word_1_42' title='bbox 1180 608 1307 645; x_wconf 75' lang='lat' dir='ltr'><strong><em>agere.</em></strong></span> <span class='ocrx_word' id='word_1_43' title='bbox 1413 592 1479 645; x_wconf 81' lang='lat' dir='ltr'><em>qui</em></span> <span class='ocrx_word' id='word_1_44' title='bbox 1498 606 1655 645; x_wconf 81' lang='lat' dir='ltr'><em>possum</em></span> 
     </span>
     <span class='ocr_line' id='line_1_7' title="bbox 211 657 1656 716; baseline -0.003 -16"><span class='ocrx_word' id='word_1_45' title='bbox 211 659 316 716; x_wconf 72' lang='lat' dir='ltr'><strong><em>quid.</em></strong></span> <span class='ocrx_word' id='word_1_46' title='bbox 376 657 512 697; x_wconf 78' lang='lat' dir='ltr'>Turio.</span> <span class='ocrx_word' id='word_1_47' title='bbox 545 657 661 712; x_wconf 77' lang='lat' dir='ltr'><em>quod.</em></span> <span class='ocrx_word' id='word_1_48' title='bbox 691 675 734 713; x_wconf 88' lang='lat' dir='ltr'><em>p.</em></span> <span class='ocrx_word' id='word_1_49' title='bbox 765 658 879 713; x_wconf 74' lang='lat' dir='ltr'><em>quod.</em></span> <span class='ocrx_word' id='word_1_50' title='bbox 991 658 1071 700; x_wconf 79' lang='lat' dir='ltr'><em>ille.</em></span> <span class='ocrx_word' id='word_1_51' title='bbox 1126 657 1249 700; x_wconf 85' lang='lat' dir='ltr'><strong>Amb.</strong></span> <span class='ocrx_word' id='word_1_52' title='bbox 1271 665 1308 699; x_wconf 90' lang='lat'><em>1.</em></span> <span class='ocrx_word' id='word_1_53' title='bbox 1343 657 1446 699; x_wconf 81' lang='lat' dir='ltr'><em>illae.</em></span> <span class='ocrx_word' id='word_1_54' title='bbox 1561 657 1656 712; x_wconf 67' lang='lat' dir='ltr'><em>quid</em></span> 
     </span>
     <span class='ocr_line' id='line_1_8' title="bbox 203 724 1569 782; baseline -0.001 -16"><span class='ocrx_word' id='word_1_55' title='bbox 203 725 365 782; x_wconf 74' lang='lat' dir='ltr'><em>jucund.</em></span> <span class='ocrx_word' id='word_1_56' title='bbox 426 724 564 766; x_wconf 85' lang='lat' dir='ltr'>Turio.</span> <span class='ocrx_word' id='word_1_57' title='bbox 598 725 702 780; x_wconf 75' lang='lat' dir='ltr'><em>quod</em></span> <span class='ocrx_word' id='word_1_58' title='bbox 724 727 757 780; x_wconf 82' lang='lat' dir='ltr'><em>j.</em></span> <span class='ocrx_word' id='word_1_59' title='bbox 875 728 1032 779; x_wconf 77' lang='lat' dir='ltr'><strong><em>ingenii.</em></strong></span> <span class='ocrx_word' id='word_1_60' title='bbox 1078 726 1187 766; x_wconf 80' lang='lat' dir='ltr'>Flor.</span> <span class='ocrx_word' id='word_1_61' title='bbox 1214 741 1370 781; x_wconf 83' lang='lat' dir='ltr'>quoque</span> <span class='ocrx_word' id='word_1_62' title='bbox 1401 728 1569 779; x_wconf 79' lang='lat' dir='ltr'><em>ingenio.</em></span> 
     </span>
     <span class='ocr_line' id='line_1_9' title="bbox 211 791 1656 847; baseline -0.002 -14"><span class='ocrx_word' id='word_1_63' title='bbox 211 793 478 833; x_wconf 76' lang='lat' dir='ltr'><em>substantiam.</em></span> <span class='ocrx_word' id='word_1_64' title='bbox 527 792 595 833; x_wconf 81' lang='lat' dir='ltr'><em>Sic</em></span> <span class='ocrx_word' id='word_1_65' title='bbox 617 797 737 832; x_wconf 78' lang='lat' dir='ltr'>etiam</span> <span class='ocrx_word' id='word_1_66' title='bbox 765 791 887 834; x_wconf 86' lang='lat' dir='ltr'><strong>Amb.</strong></span> <span class='ocrx_word' id='word_1_67' title='bbox 911 798 949 833; x_wconf 82' lang='lat'><em>1.</em></span> <span class='ocrx_word' id='word_1_68' title='bbox 972 793 1079 833; x_wconf 90' lang='lat' dir='ltr'>Flor.</span> <span class='ocrx_word' id='word_1_69' title='bbox 1109 793 1199 834; x_wconf 83' lang='lat' dir='ltr'><strong>Par.</strong></span> <span class='ocrx_word' id='word_1_70' title='bbox 1225 800 1261 834; x_wconf 89' lang='lat'><em>1.</em></span> <span class='ocrx_word' id='word_1_71' title='bbox 1282 800 1321 834; x_wconf 88' lang='lat'><em>2.</em></span> <span class='ocrx_word' id='word_1_72' title='bbox 1437 809 1554 847; x_wconf 82' lang='lat' dir='ltr'><strong><em>quam</em></strong></span> <span class='ocrx_word' id='word_1_73' title='bbox 1572 794 1656 831; x_wconf 80' lang='lat' dir='ltr'><em>scio</em></span> 
     </span>
     <span class='ocr_line' id='line_1_10' title="bbox 209 858 1652 915; baseline -0.001 -15"><span class='ocrx_word' id='word_1_74' title='bbox 209 864 297 900; x_wconf 65' lang='lat' dir='ltr'><em>vix.</em></span> <span class='ocrx_word' id='word_1_75' title='bbox 348 859 455 900; x_wconf 85' lang='lat' dir='ltr'><strong>Flor.</strong></span> <span class='ocrx_word' id='word_1_76' title='bbox 478 858 617 914; x_wconf 80' lang='lat' dir='ltr'><strong>Camp.</strong></span> <span class='ocrx_word' id='word_1_77' title='bbox 639 860 728 901; x_wconf 82' lang='lat' dir='ltr'><strong>Par.</strong></span> <span class='ocrx_word' id='word_1_78' title='bbox 753 866 790 902; x_wconf 91' lang='lat'><em>1.</em></span> <span class='ocrx_word' id='word_1_79' title='bbox 813 867 853 901; x_wconf 85' lang='lat'><em>2.</em></span> <span class='ocrx_word' id='word_1_80' title='bbox 875 877 989 915; x_wconf 84' lang='lat' dir='ltr'><strong><em>quam</em></strong></span> <span class='ocrx_word' id='word_1_81' title='bbox 1006 863 1081 900; x_wconf 71' lang='lat' dir='ltr'><em>vix</em></span> <span class='ocrx_word' id='word_1_82' title='bbox 1103 863 1198 900; x_wconf 82' lang='lat' dir='ltr'><em>scio.</em></span> <span class='ocrx_word' id='word_1_83' title='bbox 1286 860 1504 901; x_wconf 68' lang='lat' dir='ltr'><strong><em>ostenderit.</em></strong></span> <span class='ocrx_word' id='word_1_84' title='bbox 1544 859 1652 899; x_wconf 84' lang='lat' dir='ltr'><strong>Flor.</strong></span> 
     </span>
     <span class='ocr_line' id='line_1_11' title="bbox 210 922 1582 983; baseline -0.001 -15"><span class='ocrx_word' id='word_1_85' title='bbox 210 932 319 969; x_wconf 83' lang='lat' dir='ltr'><strong>item.</strong></span> <span class='ocrx_word' id='word_1_86' title='bbox 362 922 365 925; x_wconf 11' lang='grc' dir='ltr'><strong><em>ἢ</em></strong></span> <span class='ocrx_word' id='word_1_87' title='bbox 406 927 548 982; x_wconf 79' lang='lat' dir='ltr'><strong><em>qualis.</em></strong></span> <span class='ocrx_word' id='word_1_88' title='bbox 600 927 740 982; x_wconf 81' lang='lat' dir='ltr'><strong>Camp.</strong></span> <span class='ocrx_word' id='word_1_89' title='bbox 765 927 931 983; x_wconf 76' lang='lat' dir='ltr'><em>qualem,</em></span> <span class='ocrx_word' id='word_1_90' title='bbox 1019 944 1201 968; x_wconf 81' lang='lat' dir='ltr'><em>amorem.</em></span> <span class='ocrx_word' id='word_1_91' title='bbox 1249 927 1356 968; x_wconf 88' lang='lat' dir='ltr'><strong>Flor.</strong></span> <span class='ocrx_word' id='word_1_92' title='bbox 1383 944 1493 968; x_wconf 84' lang='lat' dir='ltr'><em>amor</em></span> <span class='ocrx_word' id='word_1_93' title='bbox 1514 937 1582 967; x_wconf 81' lang='lat' dir='ltr'><strong><em>est.</em></strong></span> 
     </span>
    </p>

    <p class='ocr_par' dir='ltr' id='par_1_4' title="bbox 206 993 1658 1252">
     <span class='ocr_line' id='line_1_12' title="bbox 325 993 1656 1046; baseline -0.002 -12"><span class='ocrx_word' id='word_1_94' title='bbox 325 994 362 1046; x_wconf 86' lang='lat'><em>§.</em></span> <span class='ocrx_word' id='word_1_95' title='bbox 394 1000 433 1035; x_wconf 86' lang='grc'><em>8.</em></span> <span class='ocrx_word' id='word_1_96' title='bbox 491 1006 531 1034; x_wconf 76' lang='lat' dir='ltr'><em>ut</em></span> <span class='ocrx_word' id='word_1_97' title='bbox 562 995 642 1035; x_wconf 72' lang='lat' dir='ltr'><em>ille.</em></span> <span class='ocrx_word' id='word_1_98' title='bbox 703 993 827 1037; x_wconf 87' lang='lat' dir='ltr'><strong>Amb.</strong></span> <span class='ocrx_word' id='word_1_99' title='bbox 861 1001 897 1035; x_wconf 87' lang='lat'><em>1.</em></span> <span class='ocrx_word' id='word_1_100' title='bbox 929 995 1032 1036; x_wconf 76' lang='lat' dir='ltr'><em>utile.</em></span> <span class='ocrx_word' id='word_1_101' title='bbox 1153 1013 1213 1035; x_wconf 78' lang='lat' dir='ltr'><em>me</em></span> <span class='ocrx_word' id='word_1_102' title='bbox 1241 999 1365 1036; x_wconf 76' lang='lat' dir='ltr'><strong><em>aviae.</em></strong></span> <span class='ocrx_word' id='word_1_103' title='bbox 1423 995 1531 1036; x_wconf 88' lang='lat' dir='ltr'>Flor.</span> <span class='ocrx_word' id='word_1_104' title='bbox 1567 1010 1656 1034; x_wconf 80' lang='lat' dir='ltr'><em>mea</em></span> 
     </span>
     <span class='ocr_line' id='line_1_13' title="bbox 206 1060 1658 1117; baseline -0.001 -15"><span class='ocrx_word' id='word_1_105' title='bbox 206 1065 287 1103; x_wconf 82' lang='grc' dir='ltr'><strong>υἰα.</strong></span> <span class='ocrx_word' id='word_1_106' title='bbox 404 1060 462 1102; x_wconf 80' lang='lat' dir='ltr'><em>ill.</em></span> <span class='ocrx_word' id='word_1_107' title='bbox 493 1073 567 1104; x_wconf 81' lang='lat' dir='ltr'><em>aet.</em></span> <span class='ocrx_word' id='word_1_108' title='bbox 597 1063 670 1103; x_wconf 83' lang='lat' dir='ltr'><em>sol.</em></span> <span class='ocrx_word' id='word_1_109' title='bbox 720 1063 788 1104; x_wconf 85' lang='lat' dir='ltr'><em>Sic</em></span> <span class='ocrx_word' id='word_1_110' title='bbox 818 1067 938 1103; x_wconf 83' lang='lat' dir='ltr'>etiam</span> <span class='ocrx_word' id='word_1_111' title='bbox 971 1064 1077 1103; x_wconf 85' lang='lat' dir='ltr'><strong>Flor.</strong></span> <span class='ocrx_word' id='word_1_112' title='bbox 1192 1080 1294 1104; x_wconf 87' lang='lat' dir='ltr'><strong><em>omn.</em></strong></span> <span class='ocrx_word' id='word_1_113' title='bbox 1324 1062 1430 1104; x_wconf 75' lang='lat' dir='ltr'><strong><em>laud.</em></strong></span> <span class='ocrx_word' id='word_1_114' title='bbox 1455 1080 1538 1117; x_wconf 83' lang='lat' dir='ltr'><strong><em>sup.</em></strong></span> <span class='ocrx_word' id='word_1_115' title='bbox 1585 1061 1658 1102; x_wconf 85' lang='lat' dir='ltr'><em>Sio</em></span> 
     </span>
     <span class='ocr_line' id='line_1_14' title="bbox 209 1120 1652 1188; baseline -0.001 -18"><span class='ocrx_word' id='word_1_116' title='bbox 209 1120 331 1170; x_wconf 61' lang='lat' dir='ltr'>etiain</span> <span class='ocrx_word' id='word_1_117' title='bbox 353 1129 456 1170; x_wconf 84' lang='lat' dir='ltr'>Flor.</span> <span class='ocrx_word' id='word_1_118' title='bbox 561 1147 677 1185; x_wconf 85' lang='lat' dir='ltr'><strong><em>quam</em></strong></span> <span class='ocrx_word' id='word_1_119' title='bbox 700 1131 802 1187; x_wconf 74' lang='lat' dir='ltr'><strong><em>quod</em></strong></span> <span class='ocrx_word' id='word_1_120' title='bbox 822 1131 942 1172; x_wconf 70' lang='lat' dir='ltr'><em>illius.</em></span> <span class='ocrx_word' id='word_1_121' title='bbox 990 1131 1097 1173; x_wconf 77' lang='lat' dir='ltr'><strong>Flor.</strong></span> <span class='ocrx_word' id='word_1_122' title='bbox 1126 1147 1287 1188; x_wconf 79' lang='lat' dir='ltr'>quoque</span> <span class='ocrx_word' id='word_1_123' title='bbox 1313 1147 1542 1187; x_wconf 82' lang='lat' dir='ltr'><strong><em>quamquam</em></strong></span> <span class='ocrx_word' id='word_1_124' title='bbox 1557 1128 1652 1180; x_wconf 79' lang='lat' dir='ltr'><em>illis,</em></span> 
     </span>
     <span class='ocr_line' id='line_1_15' title="bbox 207 1197 594 1252; baseline 0.003 -14"><span class='ocrx_word' id='word_1_125' title='bbox 207 1198 259 1252; x_wconf 78' lang='lat' dir='ltr'><em>(a</em></span> <span class='ocrx_word' id='word_1_126' title='bbox 277 1213 355 1238; x_wconf 88' lang='lat' dir='ltr'><strong>sec.</strong></span> <span class='ocrx_word' id='word_1_127' title='bbox 375 1211 430 1238; x_wconf 89' lang='lat' dir='ltr'><em>m.</em></span> <span class='ocrx_word' id='word_1_128' title='bbox 455 1197 594 1252; x_wconf 80' lang='lat' dir='ltr'><em>illius).</em></span> 
     </span>
    </p>

    <p class='ocr_par' dir='ltr' id='par_1_5' title="bbox 203 1262 1654 1524">
     <span class='ocr_line' id='line_1_16' title="bbox 316 1262 1654 1322; baseline -0.003 -16"><span class='ocrx_word' id='word_1_129' title='bbox 316 1268 352 1319; x_wconf 60' lang='grc' dir='ltr'><em>ξ.</em></span> <span class='ocrx_word' id='word_1_130' title='bbox 386 1272 426 1308; x_wconf 83' lang='grc'><em>9.</em></span> <span class='ocrx_word' id='word_1_131' title='bbox 489 1276 579 1320; x_wconf 81' lang='lat' dir='ltr'><strong><em>post</em></strong></span> <span class='ocrx_word' id='word_1_132' title='bbox 610 1266 718 1307; x_wconf 75' lang='lat' dir='ltr'><em>haec.</em></span> <span class='ocrx_word' id='word_1_133' title='bbox 781 1263 914 1307; x_wconf 81' lang='lat' dir='ltr'><strong>Guelf.</strong></span> <span class='ocrx_word' id='word_1_134' title='bbox 946 1277 1037 1322; x_wconf 81' lang='lat' dir='ltr'><strong><em>post</em></strong></span> <span class='ocrx_word' id='word_1_135' title='bbox 1073 1267 1161 1308; x_wconf 76' lang='lat' dir='ltr'><em>hac.</em></span> <span class='ocrx_word' id='word_1_136' title='bbox 1279 1265 1526 1319; x_wconf 78' lang='lat' dir='ltr'><em>Quintiliani.</em></span> <span class='ocrx_word' id='word_1_137' title='bbox 1584 1262 1654 1304; x_wconf 85' lang='lat' dir='ltr'><em>Sio</em></span> 
     </span>
     <span class='ocr_line' id='line_1_17' title="bbox 204 1331 1650 1389; baseline 0 -18"><span class='ocrx_word' id='word_1_138' title='bbox 204 1336 329 1372; x_wconf 82' lang='lat' dir='ltr'><strong>etiam</strong></span> <span class='ocrx_word' id='word_1_139' title='bbox 350 1332 476 1372; x_wconf 82' lang='lat' dir='ltr'><strong>Amb.</strong></span> <span class='ocrx_word' id='word_1_140' title='bbox 497 1339 534 1373; x_wconf 86' lang='lat'><em>1.</em></span> <span class='ocrx_word' id='word_1_141' title='bbox 623 1334 785 1376; x_wconf 68' lang='lat' dir='ltr'><em>nitcbar.</em></span> <span class='ocrx_word' id='word_1_142' title='bbox 835 1334 935 1376; x_wconf 83' lang='lat' dir='ltr'>Obr.</span> <span class='ocrx_word' id='word_1_143' title='bbox 956 1335 1165 1375; x_wconf 78' lang='lat' dir='ltr'><em>innitebar.</em></span> <span class='ocrx_word' id='word_1_144' title='bbox 1245 1344 1413 1389; x_wconf 80' lang='lat' dir='ltr'><strong><em>poterat.</em></strong></span> <span class='ocrx_word' id='word_1_145' title='bbox 1460 1331 1587 1372; x_wconf 86' lang='lat' dir='ltr'><strong>Amb.</strong></span> <span class='ocrx_word' id='word_1_146' title='bbox 1612 1336 1650 1371; x_wconf 87' lang='lat'><em>1.</em></span> 
     </span>
     <span class='ocr_line' id='line_1_18' title="bbox 203 1397 1654 1456; baseline 0 -18"><span class='ocrx_word' id='word_1_147' title='bbox 203 1411 377 1454; x_wconf 74' lang='lat' dir='ltr'><em>poteras,</em></span> <span class='ocrx_word' id='word_1_148' title='bbox 493 1417 542 1440; x_wconf 84' lang='lat' dir='ltr'><em>ac</em></span> <span class='ocrx_word' id='word_1_149' title='bbox 573 1401 653 1456; x_wconf 68' lang='lat' dir='ltr'><em>d‘f</em></span> <span class='ocrx_word' id='word_1_150' title='bbox 715 1401 783 1441; x_wconf 84' lang='lat' dir='ltr'><em>Sic</em></span> <span class='ocrx_word' id='word_1_151' title='bbox 816 1406 937 1441; x_wconf 81' lang='lat' dir='ltr'>etiam</span> <span class='ocrx_word' id='word_1_152' title='bbox 966 1401 1092 1442; x_wconf 84' lang='lat' dir='ltr'>Amb.</span> <span class='ocrx_word' id='word_1_153' title='bbox 1120 1407 1157 1443; x_wconf 87' lang='lat'><em>1.</em></span> <span class='ocrx_word' id='word_1_154' title='bbox 1187 1417 1211 1442; x_wconf 82' lang='lat' dir='ltr'>a</span> <span class='ocrx_word' id='word_1_155' title='bbox 1230 1419 1307 1443; x_wconf 80' lang='lat' dir='ltr'>sec.</span> <span class='ocrx_word' id='word_1_156' title='bbox 1330 1417 1413 1451; x_wconf 67' lang='lat' dir='ltr'><em>m..</em></span> <span class='ocrx_word' id='word_1_157' title='bbox 1460 1403 1569 1454; x_wconf 84' lang='lat' dir='ltr'>prius</span> <span class='ocrx_word' id='word_1_158' title='bbox 1600 1397 1654 1438; x_wconf 73' lang='lat' dir='ltr'><em>acl</em></span> 
     </span>
     <span class='ocr_line' id='line_1_19' title="bbox 204 1466 1098 1524; baseline 0.003 -19"><span class='ocrx_word' id='word_1_159' title='bbox 204 1466 287 1524; x_wconf 57' lang='lat' dir='ltr'><em>deff}</em></span> <span class='ocrx_word' id='word_1_160' title='bbox 359 1466 540 1523; x_wconf 60' lang='lat' dir='ltr'><em>jhtciuS.</em></span> <span class='ocrx_word' id='word_1_161' title='bbox 591 1467 699 1508; x_wconf 87' lang='lat' dir='ltr'>Flor.</span> <span class='ocrx_word' id='word_1_162' title='bbox 722 1483 744 1506; x_wconf 85' lang='lat' dir='ltr'>a</span> <span class='ocrx_word' id='word_1_163' title='bbox 766 1483 825 1520; x_wconf 87' lang='lat' dir='ltr'><em>pr.</em></span> <span class='ocrx_word' id='word_1_164' title='bbox 847 1483 902 1508; x_wconf 90' lang='lat' dir='ltr'><em>m.</em></span> <span class='ocrx_word' id='word_1_165' title='bbox 926 1485 1098 1520; x_wconf 78' lang='lat' dir='ltr'><strong><em>gressus.</em></strong></span> 
     </span>
    </p>

    <p class='ocr_par' dir='ltr' id='par_1_6' title="bbox 190 1532 1651 1927">
     <span class='ocr_line' id='line_1_20' title="bbox 318 1532 1651 1589; baseline -0.001 -16"><span class='ocrx_word' id='word_1_166' title='bbox 318 1535 352 1586; x_wconf 62' lang='grc' dir='ltr'><em>ξ.</em></span> <span class='ocrx_word' id='word_1_167' title='bbox 386 1539 451 1574; x_wconf 88' lang='grc'><em>10.</em></span> <span class='ocrx_word' id='word_1_168' title='bbox 511 1538 683 1573; x_wconf 71' lang='lat' dir='ltr'><strong><em>numina.</em></strong></span> <span class='ocrx_word' id='word_1_169' title='bbox 752 1534 892 1588; x_wconf 81' lang='lat' dir='ltr'><strong>Camp.</strong></span> <span class='ocrx_word' id='word_1_170' title='bbox 929 1552 1000 1589; x_wconf 75' lang='lat' dir='ltr'><em>per</em></span> <span class='ocrx_word' id='word_1_171' title='bbox 1039 1551 1140 1575; x_wconf 82' lang='lat' dir='ltr'><em>num.</em></span> <span class='ocrx_word' id='word_1_172' title='bbox 1255 1537 1332 1574; x_wconf 76' lang='lat' dir='ltr'><em>mei</em></span> <span class='ocrx_word' id='word_1_173' title='bbox 1361 1534 1522 1575; x_wconf 77' lang='lat' dir='ltr'><strong><em>doloris.</em></strong></span> <span class='ocrx_word' id='word_1_174' title='bbox 1582 1532 1651 1573; x_wconf 80' lang='lat' dir='ltr'><em>Sic</em></span> 
     </span>
     <span class='ocr_line' id='line_1_21' title="bbox 205 1599 1647 1657; baseline -0.001 -16"><span class='ocrx_word' id='word_1_175' title='bbox 205 1604 325 1641; x_wconf 78' lang='lat' dir='ltr'>etiam</span> <span class='ocrx_word' id='word_1_176' title='bbox 346 1601 454 1641; x_wconf 85' lang='lat' dir='ltr'>Flor.</span> <span class='ocrx_word' id='word_1_177' title='bbox 573 1601 681 1641; x_wconf 73' lang='lat' dir='ltr'><em>nihil.</em></span> <span class='ocrx_word' id='word_1_178' title='bbox 732 1599 865 1641; x_wconf 87' lang='lat' dir='ltr'><strong>Guelf.</strong></span> <span class='ocrx_word' id='word_1_179' title='bbox 897 1602 965 1642; x_wconf 74' lang='lat' dir='ltr'><em>nil.</em></span> <span class='ocrx_word' id='word_1_180' title='bbox 1083 1602 1287 1657; x_wconf 70' lang='lat' dir='ltr'><strong><em>studiique.</em></strong></span> <span class='ocrx_word' id='word_1_181' title='bbox 1338 1602 1369 1643; x_wconf 89' lang='lat' dir='ltr'>F</span> <span class='ocrx_word' id='word_1_182' title='bbox 1372 1606 1444 1642; x_wconf 89' lang='lat' dir='ltr'>lor.</span> <span class='ocrx_word' id='word_1_183' title='bbox 1469 1617 1491 1640; x_wconf 89' lang='lat' dir='ltr'>a</span> <span class='ocrx_word' id='word_1_184' title='bbox 1509 1618 1569 1655; x_wconf 89' lang='lat' dir='ltr'><em>pr.</em></span> <span class='ocrx_word' id='word_1_185' title='bbox 1592 1616 1647 1639; x_wconf 86' lang='lat' dir='ltr'><em>m.</em></span> 
     </span>
     <span class='ocr_line' id='line_1_22' title="bbox 203 1667 1650 1724; baseline 0 -16"><span class='ocrx_word' id='word_1_186' title='bbox 203 1671 349 1721; x_wconf 77' lang='lat' dir='ltr'><em>ingenii</em></span> <span class='ocrx_word' id='word_1_187' title='bbox 366 1686 474 1722; x_wconf 83' lang='lat' dir='ltr'><em>quae,</em></span> <span class='ocrx_word' id='word_1_188' title='bbox 497 1684 518 1707; x_wconf 80' lang='lat' dir='ltr'>a</span> <span class='ocrx_word' id='word_1_189' title='bbox 537 1684 614 1708; x_wconf 84' lang='lat' dir='ltr'><strong>sec.</strong></span> <span class='ocrx_word' id='word_1_190' title='bbox 628 1684 683 1708; x_wconf 87' lang='lat' dir='ltr'><em>m.</em></span> <span class='ocrx_word' id='word_1_191' title='bbox 705 1684 798 1708; x_wconf 89' lang='lat' dir='ltr'><em>cum</em></span> <span class='ocrx_word' id='word_1_192' title='bbox 812 1667 953 1722; x_wconf 80' lang='lat' dir='ltr'>Camp.</span> <span class='ocrx_word' id='word_1_193' title='bbox 970 1667 1105 1709; x_wconf 84' lang='lat' dir='ltr'>Guels.</span> <span class='ocrx_word' id='word_1_194' title='bbox 1129 1670 1260 1710; x_wconf 76' lang='lat' dir='ltr'><em>studia</em></span> <span class='ocrx_word' id='word_1_195' title='bbox 1281 1687 1392 1724; x_wconf 78' lang='lat' dir='ltr'><strong><em>quae.</em></strong></span> <span class='ocrx_word' id='word_1_196' title='bbox 1434 1670 1543 1710; x_wconf 87' lang='lat' dir='ltr'><strong>Jens.</strong></span> <span class='ocrx_word' id='word_1_197' title='bbox 1565 1680 1650 1708; x_wconf 80' lang='lat' dir='ltr'><strong><em>siu-</em></strong></span> 
     </span>
     <span class='ocr_line' id='line_1_23' title="bbox 204 1734 1651 1793; baseline 0.001 -20"><span class='ocrx_word' id='word_1_198' title='bbox 204 1735 365 1789; x_wconf 73' lang='lat' dir='ltr'><em>diisque.</em></span> <span class='ocrx_word' id='word_1_199' title='bbox 447 1735 543 1792; x_wconf 79' lang='lat' dir='ltr'><em>fere</em></span> <span class='ocrx_word' id='word_1_200' title='bbox 564 1746 632 1775; x_wconf 81' lang='lat' dir='ltr'><em>est.</em></span> <span class='ocrx_word' id='word_1_201' title='bbox 686 1734 811 1775; x_wconf 87' lang='lat' dir='ltr'><strong>Amb.</strong></span> <span class='ocrx_word' id='word_1_202' title='bbox 844 1741 880 1776; x_wconf 91' lang='lat'><em>1.</em></span> <span class='ocrx_word' id='word_1_203' title='bbox 903 1736 1042 1793; x_wconf 72' lang='lat' dir='ltr'><em>ficere</em></span> <span class='ocrx_word' id='word_1_204' title='bbox 1061 1747 1111 1777; x_wconf 82' lang='lat' dir='ltr'><em>et.</em></span> <span class='ocrx_word' id='word_1_205' title='bbox 1164 1736 1269 1777; x_wconf 87' lang='lat' dir='ltr'>Flor.</span> <span class='ocrx_word' id='word_1_206' title='bbox 1292 1753 1314 1776; x_wconf 82' lang='lat' dir='ltr'>a</span> <span class='ocrx_word' id='word_1_207' title='bbox 1333 1753 1393 1790; x_wconf 88' lang='lat' dir='ltr'><em>pr.</em></span> <span class='ocrx_word' id='word_1_208' title='bbox 1412 1753 1468 1776; x_wconf 86' lang='lat' dir='ltr'><em>m.</em></span> <span class='ocrx_word' id='word_1_209' title='bbox 1490 1752 1651 1791; x_wconf 83' lang='lat' dir='ltr'>quoque</span> 
     </span>
     <span class='ocr_line' id='line_1_24' title="bbox 190 1802 1648 1860; baseline 0.001 -18"><span class='ocrx_word' id='word_1_210' title='bbox 190 1803 337 1860; x_wconf 82' lang='lat' dir='ltr'><em>facere</em></span> <span class='ocrx_word' id='word_1_211' title='bbox 356 1814 434 1855; x_wconf 82' lang='lat' dir='ltr'><strong><em>est,</em></strong></span> <span class='ocrx_word' id='word_1_212' title='bbox 472 1819 494 1842; x_wconf 84' lang='lat' dir='ltr'>a</span> <span class='ocrx_word' id='word_1_213' title='bbox 517 1819 594 1843; x_wconf 85' lang='lat' dir='ltr'><strong>sec.</strong></span> <span class='ocrx_word' id='word_1_214' title='bbox 604 1802 740 1859; x_wconf 77' lang='lat' dir='ltr'><em>facilc</em></span> <span class='ocrx_word' id='word_1_215' title='bbox 764 1820 795 1844; x_wconf 83' lang='lat' dir='ltr'><em>e.</em></span> <span class='ocrx_word' id='word_1_216' title='bbox 881 1815 1024 1844; x_wconf 75' lang='lat' dir='ltr'><strong><em>tantas.</em></strong></span> <span class='ocrx_word' id='word_1_217' title='bbox 1085 1803 1221 1845; x_wconf 84' lang='lat' dir='ltr'><strong>Turic.</strong></span> <span class='ocrx_word' id='word_1_218' title='bbox 1242 1804 1348 1845; x_wconf 87' lang='lat' dir='ltr'>Flor.</span> <span class='ocrx_word' id='word_1_219' title='bbox 1371 1802 1504 1845; x_wconf 86' lang='lat' dir='ltr'>Guelf.</span> <span class='ocrx_word' id='word_1_220' title='bbox 1525 1802 1648 1846; x_wconf 86' lang='lat' dir='ltr'><strong>Goth.</strong></span> 
     </span>
     <span class='ocr_line' id='line_1_25' title="bbox 203 1869 1348 1927; baseline 0.004 -19"><span class='ocrx_word' id='word_1_221' title='bbox 203 1880 367 1911; x_wconf 74' lang='lat' dir='ltr'><strong><em>tantam.</em></strong></span> <span class='ocrx_word' id='word_1_222' title='bbox 470 1871 748 1926; x_wconf 73' lang='lat' dir='ltr'><strong><em>provehantur.</em></strong></span> <span class='ocrx_word' id='word_1_223' title='bbox 799 1869 933 1911; x_wconf 82' lang='lat' dir='ltr'>Guelf.</span> <span class='ocrx_word' id='word_1_224' title='bbox 958 1870 1080 1912; x_wconf 89' lang='lat' dir='ltr'><strong>Goth.</strong></span> <span class='ocrx_word' id='word_1_225' title='bbox 1098 1872 1348 1927; x_wconf 73' lang='lat' dir='ltr'><strong><em>provehatur.</em></strong></span> 
     </span>
    </p>

    <p class='ocr_par' dir='ltr' id='par_1_7' title="bbox 203 1937 1650 2063">
     <span class='ocr_line' id='line_1_26' title="bbox 316 1937 1565 1993; baseline 0.003 -17"><span class='ocrx_word' id='word_1_226' title='bbox 316 1943 351 1991; x_wconf 83' lang='lat'><em>§.</em></span> <span class='ocrx_word' id='word_1_227' title='bbox 384 1943 451 1979; x_wconf 85' lang='lat'><em>11.</em></span> <span class='ocrx_word' id='word_1_228' title='bbox 511 1941 619 1978; x_wconf 81' lang='lat' dir='ltr'><em>etin.</em></span> <span class='ocrx_word' id='word_1_229' title='bbox 660 1937 767 1978; x_wconf 87' lang='lat' dir='ltr'>Flor.</span> <span class='ocrx_word' id='word_1_230' title='bbox 796 1938 935 1993; x_wconf 87' lang='lat' dir='ltr'><strong>Camp.</strong></span> <span class='ocrx_word' id='word_1_231' title='bbox 958 1938 1072 1980; x_wconf 81' lang='lat' dir='ltr'><strong>Alm.</strong></span> <span class='ocrx_word' id='word_1_232' title='bbox 1098 1943 1213 1979; x_wconf 80' lang='lat' dir='ltr'><em>utin.</em></span> <span class='ocrx_word' id='word_1_233' title='bbox 1255 1937 1386 1980; x_wconf 81' lang='lat' dir='ltr'>Guelf.</span> <span class='ocrx_word' id='word_1_234' title='bbox 1409 1955 1489 1981; x_wconf 87' lang='lat' dir='ltr'><em>om.</em></span> <span class='ocrx_word' id='word_1_235' title='bbox 1511 1942 1565 1980; x_wconf 85' lang='lat' dir='ltr'><em>in.</em></span> 
     </span>
     <span class='ocr_line' id='line_1_27' title="bbox 203 2004 1650 2063; baseline 0.003 -20"><span class='ocrx_word' id='word_1_236' title='bbox 203 2005 298 2045; x_wconf 74' lang='lat' dir='ltr'><em>haec</em></span> <span class='ocrx_word' id='word_1_237' title='bbox 323 2022 421 2060; x_wconf 77' lang='lat' dir='ltr'><em>spes.</em></span> <span class='ocrx_word' id='word_1_238' title='bbox 471 2004 599 2047; x_wconf 88' lang='lat' dir='ltr'>Amb.</span> <span class='ocrx_word' id='word_1_239' title='bbox 631 2011 668 2046; x_wconf 89' lang='lat'><em>1.</em></span> <span class='ocrx_word' id='word_1_240' title='bbox 704 2005 776 2045; x_wconf 78' lang='lat' dir='ltr'><em>hae</em></span> <span class='ocrx_word' id='word_1_241' title='bbox 796 2023 829 2046; x_wconf 80' lang='lat' dir='ltr'><em>s,</em></span> <span class='ocrx_word' id='word_1_242' title='bbox 937 2010 1106 2062; x_wconf 81' lang='lat' dir='ltr'><strong><em>jamque.</em></strong></span> <span class='ocrx_word' id='word_1_243' title='bbox 1150 2006 1279 2047; x_wconf 86' lang='lat' dir='ltr'><strong>Amb.</strong></span> <span class='ocrx_word' id='word_1_244' title='bbox 1303 2012 1340 2048; x_wconf 93' lang='lat'><em>1.</em></span> <span class='ocrx_word' id='word_1_245' title='bbox 1362 2007 1470 2048; x_wconf 86' lang='lat' dir='ltr'>Flor.</span> <span class='ocrx_word' id='word_1_246' title='bbox 1491 2023 1650 2063; x_wconf 87' lang='lat' dir='ltr'>quoque</span> 
     </span>
    </p>
   </div>
   <div class='ocr_carea' id='block_1_3' title="bbox 203 2074 1646 2127">
    <p class='ocr_par' dir='ltr' id='par_1_8' title="bbox 203 2074 1646 2127">
     <span class='ocr_line' id='line_1_28' title="bbox 203 2074 1646 2127; baseline 0.003 -16"><span class='ocrx_word' id='word_1_247' title='bbox 203 2089 407 2127; x_wconf 80' lang='lat' dir='ltr'><strong><em>quamque.</em></strong></span> <span class='ocrx_word' id='word_1_248' title='bbox 522 2074 717 2113; x_wconf 82' lang='lat' dir='ltr'><em>alienatae</em></span> <span class='ocrx_word' id='word_1_249' title='bbox 737 2076 887 2115; x_wconf 80' lang='lat' dir='ltr'><strong><em>mentis.</em></strong></span> <span class='ocrx_word' id='word_1_250' title='bbox 937 2074 1063 2116; x_wconf 88' lang='lat' dir='ltr'><strong>Amb.</strong></span> <span class='ocrx_word' id='word_1_251' title='bbox 1093 2080 1129 2115; x_wconf 87' lang='lat'><em>1.</em></span> <span class='ocrx_word' id='word_1_252' title='bbox 1153 2074 1319 2115; x_wconf 80' lang='lat' dir='ltr'><em>alienate</em></span> <span class='ocrx_word' id='word_1_253' title='bbox 1337 2086 1491 2115; x_wconf 77' lang='lat' dir='ltr'><em>mentes.</em></span> <span class='ocrx_word' id='word_1_254' title='bbox 1538 2075 1646 2116; x_wconf 83' lang='lat' dir='ltr'><strong>Flor.</strong></span> 
     </span>
    </p>
   </div>
   <div class='ocr_carea' id='block_1_4' title="bbox 201 2141 1649 2529">
    <p class='ocr_par' dir='ltr' id='par_1_9' title="bbox 202 2141 1649 2248">
     <span class='ocr_line' id='line_1_29' title="bbox 203 2141 1649 2197; baseline 0.001 -18"><span class='ocrx_word' id='word_1_255' title='bbox 203 2155 227 2179; x_wconf 81' lang='lat' dir='ltr'>a</span> <span class='ocrx_word' id='word_1_256' title='bbox 254 2156 313 2194; x_wconf 86' lang='lat' dir='ltr'><em>pr.</em></span> <span class='ocrx_word' id='word_1_257' title='bbox 345 2156 398 2179; x_wconf 88' lang='lat' dir='ltr'><em>m.</em></span> <span class='ocrx_word' id='word_1_258' title='bbox 428 2143 550 2181; x_wconf 82' lang='lat' dir='ltr'><strong>etiam</strong></span> <span class='ocrx_word' id='word_1_259' title='bbox 571 2141 699 2181; x_wconf 83' lang='lat' dir='ltr'><em>aliena</em></span> <span class='ocrx_word' id='word_1_260' title='bbox 724 2151 900 2182; x_wconf 77' lang='lat' dir='ltr'><strong><em>tenentes.</em></strong></span> <span class='ocrx_word' id='word_1_261' title='bbox 1016 2142 1135 2184; x_wconf 82' lang='lat' dir='ltr'><em>solas.</em></span> <span class='ocrx_word' id='word_1_262' title='bbox 1182 2141 1309 2184; x_wconf 73' lang='lat' dir='ltr'><em>Aan.</em></span> <span class='ocrx_word' id='word_1_263' title='bbox 1333 2148 1371 2184; x_wconf 87' lang='lat'><em>1.</em></span> <span class='ocrx_word' id='word_1_264' title='bbox 1400 2142 1507 2183; x_wconf 88' lang='lat' dir='ltr'>Flor.</span> <span class='ocrx_word' id='word_1_265' title='bbox 1537 2157 1559 2182; x_wconf 81' lang='lat' dir='ltr'><strong>a</strong></span> <span class='ocrx_word' id='word_1_266' title='bbox 1585 2158 1649 2197; x_wconf 72' lang='lat' dir='ltr'><em>pr.</em></span> 
     </span>
     <span class='ocr_line' id='line_1_30' title="bbox 202 2207 438 2248; baseline 0 0"><span class='ocrx_word' id='word_1_267' title='bbox 202 2223 266 2248; x_wconf 68' lang='lat' dir='ltr'><em>m.⁴</em></span> <span class='ocrx_word' id='word_1_268' title='bbox 292 2207 438 2248; x_wconf 80' lang='lat' dir='ltr'><em>scolas.</em></span> 
     </span>
    </p>

    <p class='ocr_par' dir='ltr' id='par_1_10' title="bbox 201 2275 1648 2465">
     <span class='ocr_line' id='line_1_31' title="bbox 315 2275 1648 2333; baseline 0.003 -19"><span class='ocrx_word' id='word_1_269' title='bbox 315 2279 351 2328; x_wconf 88' lang='lat'><em>§.</em></span> <span class='ocrx_word' id='word_1_270' title='bbox 386 2280 451 2316; x_wconf 85' lang='lat'><em>12.</em></span> <span class='ocrx_word' id='word_1_271' title='bbox 513 2277 669 2316; x_wconf 83' lang='lat' dir='ltr'><strong><em>Tuosne</em></strong></span> <span class='ocrx_word' id='word_1_272' title='bbox 689 2293 773 2330; x_wconf 77' lang='lat' dir='ltr'><em>ego.</em></span> <span class='ocrx_word' id='word_1_273' title='bbox 825 2275 964 2332; x_wconf 87' lang='lat' dir='ltr'>Camp.</span> <span class='ocrx_word' id='word_1_274' title='bbox 992 2279 1111 2318; x_wconf 84' lang='lat' dir='ltr'><strong>inser.</strong></span> <span class='ocrx_word' id='word_1_275' title='bbox 1140 2294 1239 2319; x_wconf 88' lang='lat' dir='ltr'><strong><em>cum.</em></strong></span> <span class='ocrx_word' id='word_1_276' title='bbox 1350 2287 1455 2316; x_wconf 76' lang='lat' dir='ltr'><em>tuum</em></span> <span class='ocrx_word' id='word_1_277' title='bbox 1470 2275 1568 2333; x_wconf 79' lang='lat' dir='ltr'><strong><em>sug.</em></strong></span> <span class='ocrx_word' id='word_1_278' title='bbox 1589 2298 1648 2308; x_wconf 88' lang='lat'><em>-·</em></span> 
     </span>
     <span class='ocr_line' id='line_1_32' title="bbox 201 2342 1647 2402; baseline 0.002 -20"><span class='ocrx_word' id='word_1_279' title='bbox 201 2354 308 2382; x_wconf 70' lang='lat' dir='ltr'><em>tuum</em></span> <span class='ocrx_word' id='word_1_280' title='bbox 328 2359 435 2396; x_wconf 86' lang='lat' dir='ltr'><strong><em>corp.</em></strong></span> <span class='ocrx_word' id='word_1_281' title='bbox 494 2342 631 2382; x_wconf 84' lang='lat' dir='ltr'><strong>Etiam</strong></span> <span class='ocrx_word' id='word_1_282' title='bbox 658 2343 785 2384; x_wconf 88' lang='lat' dir='ltr'><strong>Amb.</strong></span> <span class='ocrx_word' id='word_1_283' title='bbox 809 2349 846 2384; x_wconf 88' lang='lat'><em>1.</em></span> <span class='ocrx_word' id='word_1_284' title='bbox 880 2361 901 2384; x_wconf 85' lang='lat' dir='ltr'>a</span> <span class='ocrx_word' id='word_1_285' title='bbox 920 2362 980 2399; x_wconf 85' lang='lat' dir='ltr'><em>pr.</em></span> <span class='ocrx_word' id='word_1_286' title='bbox 1002 2361 1058 2388; x_wconf 88' lang='lat' dir='ltr'><em>m.</em></span> <span class='ocrx_word' id='word_1_287' title='bbox 1085 2361 1177 2386; x_wconf 85' lang='lat' dir='ltr'><em>cum</em></span> <span class='ocrx_word' id='word_1_288' title='bbox 1202 2345 1311 2388; x_wconf 88' lang='lat' dir='ltr'>Flor.</span> <span class='ocrx_word' id='word_1_289' title='bbox 1338 2356 1419 2387; x_wconf 77' lang='lat' dir='ltr'><em>tum</em></span> <span class='ocrx_word' id='word_1_290' title='bbox 1430 2344 1470 2402; x_wconf 82' lang='lat' dir='ltr'><em>s&#39;</em></span> <span class='ocrx_word' id='word_1_291' title='bbox 1490 2368 1545 2376; x_wconf 86' lang='lat'><em>--</em></span> <span class='ocrx_word' id='word_1_292' title='bbox 1567 2354 1647 2385; x_wconf 76' lang='lat' dir='ltr'><em>tum</em></span> 
     </span>
     <span class='ocr_line' id='line_1_33' title="bbox 203 2410 933 2465; baseline 0.003 -15"><span class='ocrx_word' id='word_1_293' title='bbox 203 2426 239 2451; x_wconf 86' lang='lat' dir='ltr'><em>c.</em></span> <span class='ocrx_word' id='word_1_294' title='bbox 342 2410 402 2449; x_wconf 78' lang='lat' dir='ltr'><em>his</em></span> <span class='ocrx_word' id='word_1_295' title='bbox 422 2413 538 2463; x_wconf 79' lang='lat' dir='ltr'><em>cogit.</em></span> <span class='ocrx_word' id='word_1_296' title='bbox 588 2410 728 2465; x_wconf 82' lang='lat' dir='ltr'>Camp.</span> <span class='ocrx_word' id='word_1_297' title='bbox 754 2427 832 2451; x_wconf 90' lang='lat' dir='ltr'><em>om.</em></span> <span class='ocrx_word' id='word_1_298' title='bbox 858 2412 933 2452; x_wconf 75' lang='lat' dir='ltr'><em>his.</em></span> 
     </span>
    </p>

    <p class='ocr_par' dir='ltr' id='par_1_11' title="bbox 313 2477 1641 2529">
     <span class='ocr_line' id='line_1_34' title="bbox 313 2477 1641 2529; baseline 0 -11"><span class='ocrx_word' id='word_1_299' title='bbox 313 2479 347 2529; x_wconf 83' lang='lat'><em>§.</em></span> <span class='ocrx_word' id='word_1_300' title='bbox 383 2482 447 2517; x_wconf 82' lang='lat'><em>13.</em></span> <span class='ocrx_word' id='word_1_301' title='bbox 517 2478 727 2519; x_wconf 79' lang='lat' dir='ltr'><em>consulari.</em></span> <span class='ocrx_word' id='word_1_302' title='bbox 794 2477 928 2520; x_wconf 83' lang='lat' dir='ltr'><strong>Guelf.</strong></span> <span class='ocrx_word' id='word_1_303' title='bbox 965 2479 1076 2521; x_wconf 81' lang='lat' dir='ltr'><strong>Jens.</strong></span> <span class='ocrx_word' id='word_1_304' title='bbox 1109 2480 1317 2522; x_wconf 82' lang='lat' dir='ltr'><em>consolari.</em></span> <span class='ocrx_word' id='word_1_305' title='bbox 1441 2479 1641 2520; x_wconf 79' lang='lat' dir='ltr'><strong><em>honorum.</em></strong></span> 
     </span>
    </p>
   </div>
   <div class='ocr_carea' id='block_1_5' title="bbox 201 2541 1642 2738">
    <p class='ocr_par' dir='ltr' id='par_1_12' title="bbox 201 2541 1642 2738">
     <span class='ocr_line' id='line_1_35' title="bbox 202 2541 1642 2604; baseline 0.002 -21"><span class='ocrx_word' id='word_1_306' title='bbox 202 2541 337 2584; x_wconf 85' lang='lat' dir='ltr'><strong>Guelf.</strong></span> <span class='ocrx_word' id='word_1_307' title='bbox 359 2544 468 2585; x_wconf 86' lang='lat' dir='ltr'><strong>Jens.</strong></span> <span class='ocrx_word' id='word_1_308' title='bbox 491 2555 530 2585; x_wconf 85' lang='lat' dir='ltr'><em>et</em></span> <span class='ocrx_word' id='word_1_309' title='bbox 547 2547 638 2586; x_wconf 87' lang='lat' dir='ltr'><strong>edd.</strong></span> <span class='ocrx_word' id='word_1_310' title='bbox 667 2555 759 2586; x_wconf 82' lang='lat' dir='ltr'><strong>ante</strong></span> <span class='ocrx_word' id='word_1_311' title='bbox 776 2543 878 2587; x_wconf 82' lang='lat' dir='ltr'><strong>Bad.</strong></span> <span class='ocrx_word' id='word_1_312' title='bbox 901 2548 1099 2590; x_wconf 79' lang='lat' dir='ltr'><strong><em>bonorum.</em></strong></span> <span class='ocrx_word' id='word_1_313' title='bbox 1181 2552 1322 2604; x_wconf 75' lang='lat' dir='ltr'><strong><em>patris.</em></strong></span> <span class='ocrx_word' id='word_1_314' title='bbox 1366 2547 1501 2594; x_wconf 79' lang='lat' dir='ltr'><strong>Etiam</strong></span> <span class='ocrx_word' id='word_1_315' title='bbox 1517 2545 1642 2586; x_wconf 85' lang='lat' dir='ltr'>Amb.</span> 
     </span>
     <span class='ocr_line' id='line_1_36' title="bbox 203 2610 1640 2670; baseline 0.002 -22"><span class='ocrx_word' id='word_1_316' title='bbox 203 2615 241 2649; x_wconf 89' lang='lat'><em>1.</em></span> <span class='ocrx_word' id='word_1_317' title='bbox 269 2610 374 2650; x_wconf 51' lang='lat' dir='ltr'><strong>Flora</strong></span> <span class='ocrx_word' id='word_1_318' title='bbox 402 2614 528 2665; x_wconf 71' lang='grc' dir='ltr'><strong>ρνέιιε.</strong></span> <span class='ocrx_word' id='word_1_319' title='bbox 620 2630 687 2668; x_wconf 79' lang='lat' dir='ltr'><em>spe</em></span> <span class='ocrx_word' id='word_1_320' title='bbox 706 2613 882 2655; x_wconf 78' lang='lat' dir='ltr'><em>Atticae.</em></span> <span class='ocrx_word' id='word_1_321' title='bbox 933 2615 1060 2656; x_wconf 85' lang='lat' dir='ltr'><em>Aan.</em></span> <span class='ocrx_word' id='word_1_322' title='bbox 1087 2622 1124 2657; x_wconf 72' lang='lat'><em>1,</em></span> <span class='ocrx_word' id='word_1_323' title='bbox 1153 2634 1236 2670; x_wconf 78' lang='lat' dir='ltr'><em>spes</em></span> <span class='ocrx_word' id='word_1_324' title='bbox 1257 2617 1382 2657; x_wconf 73' lang='lat' dir='ltr'><em>acutis</em></span> <span class='ocrx_word' id='word_1_325' title='bbox 1404 2630 1495 2655; x_wconf 83' lang='lat' dir='ltr'><em>cum</em></span> <span class='ocrx_word' id='word_1_326' title='bbox 1514 2613 1640 2663; x_wconf 82' lang='lat' dir='ltr'>Flor.,</span> 
     </span>
     <span class='ocr_line' id='line_1_37' title="bbox 201 2678 1640 2738; baseline 0.009 -23"><span class='ocrx_word' id='word_1_327' title='bbox 201 2680 272 2731; x_wconf 88' lang='lat' dir='ltr'><em>qui</em></span> <span class='ocrx_word' id='word_1_328' title='bbox 289 2686 426 2718; x_wconf 83' lang='lat' dir='ltr'>tamen</span> <span class='ocrx_word' id='word_1_329' title='bbox 448 2694 470 2718; x_wconf 81' lang='lat' dir='ltr'>a</span> <span class='ocrx_word' id='word_1_330' title='bbox 489 2694 567 2721; x_wconf 81' lang='lat' dir='ltr'><strong>sec.</strong></span> <span class='ocrx_word' id='word_1_331' title='bbox 590 2694 645 2721; x_wconf 88' lang='lat' dir='ltr'><em>m.</em></span> <span class='ocrx_word' id='word_1_332' title='bbox 666 2696 733 2736; x_wconf 79' lang='lat' dir='ltr'><em>spe</em></span> <span class='ocrx_word' id='word_1_333' title='bbox 752 2691 903 2723; x_wconf 78' lang='lat' dir='ltr'><em>acutae.</em></span> <span class='ocrx_word' id='word_1_334' title='bbox 1012 2695 1201 2738; x_wconf 77' lang='lat' dir='ltr'><strong><em>superstes</em></strong></span> <span class='ocrx_word' id='word_1_335' title='bbox 1227 2708 1282 2716; x_wconf 88' lang='lat'><em>--</em></span> <span class='ocrx_word' id='word_1_336' title='bbox 1315 2683 1390 2733; x_wconf 81' lang='lat' dir='ltr'><em>Et,</em></span> <span class='ocrx_word' id='word_1_337' title='bbox 1420 2684 1468 2722; x_wconf 76' lang='lat' dir='ltr'><em>si.</em></span> <span class='ocrx_word' id='word_1_338' title='bbox 1518 2678 1640 2727; x_wconf 75' lang='lat' dir='ltr'>Amb-</span> 
     </span>
    </p>
   </div>
  </div>
 </body>
</html>
