1775 3091
1454 180 1544 214 Mx

204 279 347 335 Itaque
377 281 498 321 crisis
541 282 581 320 in
625 279 862 334 Ιιειο,1)ηῑῐθ
896 279 1035 335 operis
1069 276 1348 326 Quintili-anei
1381 277 1544 321 difficil-

92 358 191 400 lima
216 369 292 410 est,
321 373 455 415 neque
485 373 578 400 eam
602 361 700 400 dum
730 360 890 399 exitum
919 358 1131 398 invenisse
1156 357 1399 411 praedicare
1425 355 1539 397 licet.

92 438 175 479 Sed
208 440 369 479 invenit
410 447 549 478 tamen
583 435 819 492 Spalding-ii
860 436 1009 492 religio
1041 445 1197 476 certam
1238 437 1444 491 quandam
1476 451 1540 476 ru-

91 517 272 564 tionem,
320 514 372 553 ad
403 526 527 567 quam
558 512 824 566 dirigeretur.
912 510 1021 552 Nam
1064 527 1157 553 cum
1198 514 1325 552 duce;
1365 513 1539 553 haberet

91 593 257 634 codices
307 591 586 633 Tui-icensem
642 599 683 630 et
732 588 1157 631 Almeloveenianum
1214 600 1255 631 et
1311 592 1537 632 editionem

91 671 319 727 Campani,
353 685 458 726 quae
489 683 575 709 non
603 668 780 710 obscure
807 669 859 711 ad
880 668 1173 711 Florentinum
1201 668 1356 711 librum
1389 678 1537 711 exacta

90 760 176 802 est,
207 760 432 806 posteaque
470 750 609 804 ipsum
636 745 929 788 Florentinum
969 758 1115 790 nactus
1146 757 1279 799 esset,
1321 748 1401 789 hoc
1432 758 1535 789 tam-

90 844 215 883 quam
246 830 519 870 fundamento
549 842 649 870 usus
671 837 735 868 est
760 830 1034 879 recensionis,
1067 829 1178 884 quod
1209 842 1290 869 non
1327 829 1535 869 omitteret

89 910 171 951 nisi
201 910 372 959 invitus,
404 916 473 948 aut
505 906 642 947 sicubi
680 908 868 962 ineptum
891 908 1103 948 videretur
1152 907 1393 956 defendere,
1428 921 1534 962 quae

90 987 282 1028 obtinere
311 988 516 1042 nequiret.
566 985 780 1034 Quantum
807 986 1047 1040 profecerit,
1077 993 1261 1040 apparet.
1311 983 1423 1026 Mihi
1444 985 1533 1039 qui-

89 1067 183 1106 dem
203 1064 380 1105 multum
399 1065 578 1113 videtur,
615 1077 708 1103 cum
728 1061 835 1103 illud
856 1072 969 1103 certe
990 1073 1209 1105 assecutus
1232 1065 1301 1114 sit,
1333 1071 1380 1103 ut
1398 1077 1534 1104 remo-

88 1146 139 1184 tis
161 1145 344 1198 priorum
367 1142 576 1182 editorum
598 1142 773 1181 somniis
795 1142 887 1194 jam
911 1142 1108 1196 quicquid
1129 1142 1289 1182 editum
1310 1152 1388 1192 est,
1421 1151 1534 1183 certa

88 1223 250 1263 ratione
294 1221 452 1261 editum
500 1219 693 1260 videatur
733 1220 972 1275 nitaturque
1015 1221 1103 1261 suis
1144 1223 1266 1277 quasi
1303 1219 1531 1271 radicibus,

85 1314 335 1356 quamquam
376 1313 500 1355 saepe
540 1298 735 1340 infirmis.
815 1298 900 1339 Sed
948 1298 1125 1340 multum
1175 1314 1301 1355 porro
1344 1299 1533 1340 conferet

84 1377 392 1420 Ambrosianus
414 1376 447 1418 Ι.
505 1376 654 1433 Neque
687 1379 800 1418 enim
830 1376 954 1432 plane
986 1377 1038 1419 ab
1070 1380 1241 1434 antiqua
1270 1392 1347 1419 sua
1377 1380 1531 1419 virtute

84 1458 334 1513 degenerat,
369 1457 444 1498 sed
474 1458 600 1497 etiam
625 1458 668 1497 in
699 1455 821 1497 libris
841 1455 883 1497 V
903 1466 944 1497 et
962 1456 1047 1509 VI,
1079 1459 1151 1513 qui
1179 1459 1360 1513 pessime
1391 1457 1534 1499 affecti

84 1544 183 1578 sunt
213 1550 267 1576 ex
298 1544 383 1576 toto
418 1550 566 1591 opere,
599 1534 861 1591 multumque
892 1538 1133 1578 etiamnunc
1165 1538 1321 1579 distant
1346 1552 1372 1577 a
1394 1538 1532 1577 nitore

83 1613 340 1670 reliquorum
366 1613 596 1666 librorum,
621 1629 745 1669 saepe
767 1613 861 1655 luce
885 1617 1099 1670 insperata
1121 1616 1318 1657 tenebras
1342 1617 1529 1658 discutit:

84 1702 125 1734 et
150 1695 285 1748 ipsam
313 1691 430 1734 illam
459 1695 759 1748 praestantiam
785 1708 866 1749 quo
890 1695 1157 1749 progreditur
1185 1694 1355 1750 longius
1384 1693 1531 1750 paula-

84 1773 158 1812 tim
187 1773 358 1826 recipit3
411 1786 584 1826 prorsus
612 1780 752 1812 autem
792 1774 1049 1815 certissimae
1093 1775 1196 1815 cotis
1237 1775 1373 1814 vicem
1410 1787 1530 1828 prae-

30 1877 38 1880 -
85 1858 181 1900 stat,
215 1851 268 1891 ad
298 1865 422 1906 quam
453 1849 711 1905 reliquorum
742 1852 919 1890 virtutes
950 1860 991 1890 et
1020 1853 1122 1891 vitia
1151 1853 1390 1906 exigantur.

196 2007 323 2048 Hunc
363 2017 607 2063 apparatum
648 2009 840 2049 criticum
876 2009 1005 2049 variis
1048 2007 1302 2050 lectionibus
1342 2010 1445 2050 auxi
1474 2023 1530 2050 ex

85 2085 300 2126 codicibus
331 2085 536 2127 Parisinis
566 2100 591 2125 a
620 2085 824 2127 Pottierio
855 2088 1066 2142 excerptis
1098 2096 1138 2127 et
1176 2089 1309 2142 ipsius
1350 2087 1530 2128 editioni

82 2164 215 2206 Paris.
259 2168 388 2216 1812,
421 2168 445 2206 3
475 2163 575 2205 voll-
606 2169 630 2207 8
662 2166 762 2206 min.
795 2166 985 2220 adjectis.
1063 2165 1148 2206 Sed
1188 2167 1385 2221 quoniam
1415 2167 1529 2207 idem

84 2243 309 2285 Pottierius
338 2245 578 2299 insequenti
607 2258 715 2285 anno
748 2242 1107 2285 Commentarium
1134 2243 1298 2284 Gallice
1328 2246 1530 2300 scriptum

84 2323 127 2362 in
158 2321 313 2363 librum
344 2325 524 2377 primum
553 2323 708 2373 edidit,
749 2325 794 2364 in
823 2337 958 2379 eoque
989 2325 1291 2364 commentario
1322 2325 1426 2364 item
1455 2338 1528 2364 va-

84 2401 241 2440 riantes
292 2403 483 2445 codicum
541 2402 830 2442 Parisinorum
879 2404 1107 2456 scripturas
1159 2404 1503 2443 commemoravit
1514 2433 1527 2454 ,

85 2492 169 2518 non
200 2493 370 2533 prorsus
401 2481 593 2530 easdem,
637 2494 738 2535 quas
768 2483 812 2521 in
845 2482 1029 2521 editione
1060 2481 1241 2532 Latina,
1274 2490 1527 2522 commenta-

85 2558 193 2597 rium
224 2566 390 2599 secutus
421 2573 514 2599 snm
541 2560 585 2599 in
614 2560 692 2609 iis,
721 2573 826 2614 quae
859 2559 981 2600 aliter
1011 2561 1165 2614 posuit,
1198 2558 1314 2612 (nam
1345 2558 1527 2617 δεύτεραι

84 2636 295 2691 φροντίδες
336 2635 538 2690 ἀμείνονες
576 2638 770 2697 dicuntur
806 2638 950 2693 esse,)
1002 2639 1075 2679 sed
1110 2636 1251 2692 >adjeci
1300 2646 1437 2679 tamen
1481 2640 1526 2679 in

1121 2717 1149 2745 ³*
1172 2719 1197 2745 xz
1232 2733 1247 2747 η
