1775 3091
218 212 297 252 444
672 218 941 273 Supplemenia
969 222 1229 259 annotationis

755 351 786 393 C
818 368 840 393 A
874 370 911 394 Ρ.
972 352 1116 394 VIII.

399 447 437 481 1.
497 444 716 497 reperietur.
762 442 828 482 Sic
851 444 941 485 Par.
968 451 1003 484 1.
1027 451 1066 486 2.
1089 450 1126 485 6.

355 539 364 548 .
395 512 434 549 4.
495 512 595 548 tanti
614 526 716 549 suae.
755 510 846 551 Par.
868 518 905 552 6.
930 516 1021 568 ipse.
1063 513 1152 554 Par.
1175 519 1211 553 1.
1235 519 1272 554 2.
1302 529 1399 554 vere.

399 583 436 617 6.

328 441 364 628 ..009

495 594 552 616 ex
573 578 720 617 advers.
761 579 852 619 Par.
873 586 912 620 2.
934 597 1012 621 sec.
1031 596 1085 620 m.
1109 581 1155 619 ab
1181 582 1269 621 mlv.
1318 581 1408 621 Par.
1435 586 1471 620 1.
1498 596 1552 619 ex
1574 584 1653 619 suis

216 642 305 682 adv.
603 639 608 645 ’

327 713 363 762 §.
396 716 435 752 7.
499 716 659 768 repetita
693 730 748 754 cx
779 725 958 769 tempore.
1007 714 1074 755 Sic
1101 715 1190 756 Par.
1213 722 1251 756 2.
1280 733 1358 756 sec.
1389 732 1444 755 m.
1494 715 1652 769 'repetito

213 789 326 832 temp.
349 778 442 820 Par.
466 786 503 821 1.

323 851 359 898 ξ.
393 853 434 889 9.
493 848 708 904 loquuntur.
749 851 946 892 Par.1.2.
971 850 1191 906 loquantur.
1252 850 1548 903 [Buttmannus
1568 853 1649 902 ipse

211 915 375 968 posthac
407 927 544 957 notam
571 935 684 958 suam
717 922 771 959 sic
801 922 994 959 correxit:
1044 918 1177 958 Video
1204 934 1313 958 nunc
1334 919 1438 958 hanc
1458 918 1650 972 loquendi

211 985 405 1036 formam,
447 1003 641 1040 nunquam
661 990 758 1026 satis
782 986 1010 1027 credendum
1028 998 1081 1026 est
1096 1019 1106 1037 ‚
1137 988 1231 1025 inde
1251 996 1387 1026 natam
1408 1002 1510 1035 esse,
1542 983 1650 1040 quod

210 1054 307 1090 satis
344 1053 461 1093 credo
489 1057 660 1094 formula
694 1064 776 1094 erat
811 1059 924 1104 trita,
970 1070 1071 1110 quae
1108 1058 1218 1095 velut
1254 1058 1298 1093 iu
1331 1070 1459 1093 unum
1485 1056 1652 1093 verbum

210 1123 423 1162 coaluerat.
483 1122 582 1162 Vid.
613 1121 777 1163 Terent.
807 1122 940 1162 Andr.
963 1121 1040 1174 IV,
1064 1129 1100 1174 1,
1127 1129 1193 1164 50.
1232 1122 1419 1163 Eunuch.
1440 1121 1497 1172 V,
1523 1128 1559 1170 9,
1580 1126 1648 1161 21.

207 1186 280 1227 Est
300 1191 422 1242 igitur
444 1191 554 1229 idem
574 1193 654 1230 fere
678 1206 722 1231 ac
745 1194 775 1229 si
795 1192 958 1231 dixisset
979 1206 1119 1246 „nuuq
1128 1207 1218 1230 uam
1238 1185 1562 1244 respondendum
1593 1197 1650 1228 est

208 1254 320 1295 Satis
340 1257 467 1297 credo.
481 1258 530 1310 “]
1139 1251 1142 1255 ,

321 1327 356 1377 ᾗ.
390 1331 455 1366 10.
517 1329 584 1381 qui
605 1326 783 1366 sanandi.
825 1326 892 1367 Sic
912 1327 1000 1367 Par.
1016 1333 1054 1367 2.
1070 1331 1106 1366 6.
1153 1343 1251 1381 quae
1269 1325 1459 1366 sananda.
1498 1324 1587 1366 Par.
1610 1329 1646 1364 1.

321 1394 359 1444 §.
397 1398 461 1433 13.
523 1394 681 1433 turbata,
711 1411 813 1434 cera.
863 1394 930 1434 Sic
960 1394 1048 1434 Par.
1082 1400 1119 1434 1.
1150 1401 1188 1434 2.
1221 1400 1257 1434 6.
1316 1393 1507 1446 [Mirarer
1535 1393 1647 1432 codi-

204 1475 300 1501 cum
321 1476 555 1500 consensum
574 1464 616 1498 111
638 1465 734 1500 vitio
757 1464 905 1501 tuendo
921 1493 931 1512 ‚
967 1465 1009 1499 ni
1031 1471 1182 1514 pateret
1203 1477 1340 1501 eorum
1362 1462 1566 1512 001111101ορ
1597 1476 1648 1499 ex

207 1544 288 1569 uno
310 1530 432 1567 veteri
451 1531 669 1581 exemplari
689 1531 801 1583 quasi
824 1544 893 1581 per
923 1529 1065 1580 gradus
1101 1532 1362 1581 corruptionis
1399 1530 1536 1568 ductos
1566 1544 1647 1567 esse

209 1612 360 1636 omnes.
418 1596 539 1635 Haud
567 1597 684 1634 dubie
718 1605 757 1635 et
780 1599 911 1635 linum
942 1605 980 1634 et
1003 1611 1091 1634 cera
1111 1604 1150 1633 et
1169 1598 1357 1648 impressa
1382 1598 1492 1648 signa
1513 1599 1646 1646 juncta

207 1674 300 1704 sunt
338 1667 494 1714 omnia,
541 1678 684 1703 verum
723 1665 880 1715 singula
917 1672 1053 1701 tamen
1083 1663 1403 1713 considerantur,
1455 1672 1492 1702 et
1519 1671 1648 1716 potest

206 1742 368 1786 ruptum
397 1748 478 1772 esse
506 1733 662 1782 linum,
702 1733 856 1783 integra
886 1745 993 1780 cera,
1039 1739 1078 1769 et
1109 1745 1197 1769 cera
1225 1732 1411 1779 confusa,
1451 1733 1535 1769 lino
1563 1746 1647 1770 non

200 1806 394 1855 praeciso.
454 1797 590 1853 Itaque
616 1799 719 1837 mihi
739 1799 902 1853 quidem
924 1796 1141 1837 Salmasius
1171 1806 1277 1836 recte
1300 1799 1496 1836 turbatam
1518 1815 1646 1837 ceram

207 1870 437 1908 emendasse
456 1869 625 1917 videtur,
658 1876 696 1905 et
716 1869 918 1920 vulgatam
938 1869 1188 1919 scripturam,
1219 1869 1262 1903 ni
1284 1869 1369 1920 quis
1392 1869 1434 1904 in
1454 1868 1646 1915 ejusmodi

205 1940 418 1978 verborum
444 1936 789 1975 terminationibus
820 1938 994 1973 nimium
1022 1937 1227 1986 religiosus
1259 1937 1330 1984 sit,
1379 1937 1450 1972 vix
1488 1932 1646 1974 Latinis
1686 1956 1688 1958 ·

207 2008 365 2044 auribus
392 2006 641 2043 tolerabilem
671 2002 807 2056 puto.]
873 2004 1063 2054 agnitore.
1106 2001 1174 2040 Sic
1200 2000 1290 2041 I‘ar.
1316 2006 1353 2040 1.
1376 2007 1416 2040 2.
1441 2006 1478 2040 6.
1538 2003 1647 2053 [De-

205 2075 343 2111 stituta
374 2075 530 2125 explica
558 2073 671 2126 quasi
700 2072 877 2121 deserta,
926 2072 1120 2124 quoniam
1152 2070 1273 2108 fidem
1302 2078 1340 2109 et
1369 2073 1644 2110 auctoritatem

206 2155 346 2180 eorum
366 2143 469 2180 tueri
487 2139 700 2194 nequeas.]

774 2272 806 2314 C
840 2288 864 2313 Α
895 2289 932 2313 1’.
990 2270 1077 2313 IX.

318 2368 354 2418 §.
386 2371 425 2406 2.
486 2365 636 2404 laetius.
677 2363 744 2405 Sic
767 2363 852 2404 Par.
877 2368 912 2402 1.
937 2367 975 2402 6.
1023 2362 1140 2401 latius
1158 2360 1247 2401 Par.
1273 2368 1311 2400 2.

319 2435 354 2486 §.
385 2436 425 2472 4.
484 2437 613 2472 minus
637 2433 801 2487 cupidis:⁸
853 2431 942 2471 Par.
970 2436 1006 2470 1.
1027 2436 1063 2470 2.
1095 2434 1134 2478 6.
1164 2428 1440 2483 cupidissimis.
1491 2431 1579 2470 Par.
1603 2438 1641 2470 2.

207 2519 285 2544 sec.
310 2519 364 2541 111.
389 2502 538 2556 cupidis
560 2505 698 2540 minus.

315 2573 350 2623 ξ.
383 2575 423 2610 6.
481 2586 593 2608 unum
619 2571 682 2608 sit.
714 2567 818 2612 ,Palu
843 2572 879 2606 1.
911 2584 971 2604 un.
993 2577 1062 2604 esl.
1112 2564 1200 2604 Par.
1224 2571 1262 2604 2.
1288 2579 1366 2603 om.
1391 2568 1457 2602 sil.

318 2643 353 2690 ξ..
384 2643 422 2678 8.
481 2646 736 2691 susceperunt.
777 2634 845 2674 Sit:
863 2633 953 2674 l’ar.
977 2638 1014 2672 6.
1064 2634 1294 2687 susceperint
1313 2631 1400 2672 Par.
1431 2636 1466 2670 1.
1490 2639 1528 2671 2.

319 2707 353 2756 ξ.
388 2710 425 2746 9.
486 2707 741 2758 cognituram.
783 2702 850 2743 Sic
869 2700 957 2742 I'ar.
984 2706 1019 2741 1.
1042 2707 1080 2741 2.
1105 2705 1129 2740 6
