1775 3091
1390 103 1499 139 XXV

168 195 552 254 Transgrediamur
592 195 645 237 ad
694 196 865 236 tertium
907 193 1300 252 supplementorum
1349 216 1498 257 genus,

53 276 165 333 quod
207 285 370 318 constat
401 273 638 331 Spaldingii
676 274 1046 328 annotationibus,
1098 291 1200 333 quas
1228 280 1318 334 ipse
1348 290 1420 322 aut
1448 284 1500 324 ad

53 357 288 412 marginem
321 356 530 396 editorum
557 353 762 396 librorum
794 368 982 407 suorum,
1013 364 1086 397 aut
1112 357 1157 398 in
1190 356 1346 401 chartis
1371 362 1501 403 inter·

46 436 173 490 jectis
214 435 515 490 adscripserat‚
556 448 636 490 ego
665 433 777 486 fide,
819 448 935 491 ‘quae
967 436 1011 476 in
1049 437 1260 490 ejusmodi
1299 439 1427 482 rebus
1459 452 1501 482 et

50 515 234 556 auctoris
281 515 512 554 memoriae
562 523 603 555 et
641 512 811 569 publico
854 515 949 554 usui
994 514 1193 568 debetur,
1241 520 1421 574 repetivi
1459 529 1502 560 et

48 592 345 649 Spaldingiani
383 595 568 634 nominis
608 602 707 633 nota
745 595 934 649 apposita
974 595 1161 635 distinxi.
1239 596 1321 638 His
1361 599 1498 653 adjeci

45 680 89 712 et
115 685 241 714 meas
288 673 679 714 animadversiones
727 675 840 714 inter
881 671 1109 729 legendum
1147 683 1188 716 et
1224 674 1497 732 relegendum

44 759 182 804 nataS,
218 760 274 803 et,
305 754 446 807 prouti
474 766 541 793 res
572 752 794 794 videbatur
821 752 1052 808 postulare,
1080 752 1232 797 litteris
1261 757 1497 808 mandatas,

41 838 85 871 et
115 832 333 886 excerpsi,
389 846 495 887 quae
535 831 588 872 ab
619 831 717 872 aliis
746 830 866 872 Viris
898 832 1031 872 doctis
1061 842 1155 888 post
1185 834 1346 877 obitum
1377 836 1497 892 Spal-

41 908 177 965 dingii
209 911 262 951 ad
299 909 620 951 emaculandum
652 909 962 959 Quintilianum
996 915 1238 968 excogitata
1271 915 1496 969 comperis-

40 1001 158 1038 sem,
208 989 414 1044 imprimis
442 1003 547 1044 quae
577 988 734 1031 libellis
764 989 817 1030 ob
851 988 978 1030 aliam
1007 991 1220 1033 scribendi
1250 995 1494 1047 opportuni—

40 1073 171 1108 tatem
201 1069 444 1121 compositis
468 1068 657 1121 dispersa
677 1076 831 1108 essent.
872 1066 984 1109 Nam
1004 1076 1051 1109 ut
1076 1083 1223 1111 omnes
1247 1072 1493 1125 opinionum

41 1144 305 1186 diversitates
332 1159 624 1196 recenserem,
670 1147 797 1186 etiam
829 1160 1000 1197 eorum,
1042 1148 1113 1201 qui
1142 1147 1376 1202 peculiares
1408 1151 1496 1191 edi-

41 1223 179 1264 tiones
211 1231 285 1264 aut
313 1225 441 1265 totius
472 1225 610 1279 operis
641 1232 713 1265 aut
742 1225 895 1265 decimi
921 1224 1021 1266 libri
1045 1226 1136 1266 sine
1156 1228 1277 1268 novis
1303 1229 1494 1269 codicum

39 1303 423 1358 manuscriptorum
455 1304 588 1359 copiis
617 1312 937 1358 procurassent,
977 1313 1019 1345 et
1047 1305 1262 1345 variorum
1291 1306 1495 1363 suffragia

37 1382 166 1423 inerti
204 1380 384 1437 quadam
425 1379 645 1436 diligentia
684 1381 954 1438 colligerem,
1001 1397 1026 1423 a
1064 1397 1132 1423 me
1173 1382 1364 1425 obtinere
1405 1400 1490 1427 non

40 1461 182 1519 potui,
233 1474 370 1516 neque
408 1459 705 1516 postulandum
751 1462 917 1503 videtur
958 1477 983 1503 a
1023 1462 1316 1519 Spaldingiani
1353 1466 1490 1519 operis

39 1554 298 1581 successore.

153 1697 342 1741 Iudicem
382 1711 525 1740 rerum
553 1706 596 1739 et
625 1697 854 1741 verborum
884 1714 909 1741 a
940 1697 1188 1756 Spaldingio
1228 1702 1273 1742 in
1303 1704 1416 1744 notis
1446 1712 1488 1745 et

40 1779 197 1820 criticis
227 1787 271 1819 et
309 1778 539 1834 exegeticis
576 1785 854 1818 tractatorum
895 1779 987 1833 ipse
1018 1779 1204 1830 confeci,
1235 1779 1489 1828 Quintiliani

38 1857 272 1900 verborum
311 1866 353 1898 et
392 1865 612 1897 auctorum
651 1856 704 1897 ab
734 1869 785 1895 eo
813 1853 1081 1896 laudatorum
1109 1856 1488 1912 locupletissimum

41 1944 85 1977 et
105 1950 278 1992 prorsus
309 1934 549 1977 absolutum
576 1935 655 1975 Ed.
680 1932 914 1975 Bonnellus
942 1948 1075 1988 paene
1106 1934 1311 1987 absolvit,
1342 1938 1486 1993 singu-

40 2012 357 2057 lari-volumine
385 2013 628 2070 propediem
651 2013 874 2053 edendum.
917 2011 1029 2055 Nam
1056 2016 1280 2068 quominus
1303 2024 1486 2057 veterem

39 2092 349 2136 Gesnerianum
386 2100 555 2134 auctum
591 2100 900 2147 repeteremus,
952 2100 997 2133 ut
1042 2093 1164 2133 initio
1202 2094 1484 2146 institueram,

39 2172 245 2214 deterruit
293 2187 371 2214 nos
413 2173 678 2226 justissimus
725 2170 839 2212 haud
888 2169 1015 2212 dubie
1060 2180 1220 2222 metus,
1281 2187 1334 2213 ne
1387 2175 1485 2228 quid

40 2251 329 2307 imperfectum
375 2251 672 2306 proderemus,
723 2251 917 2306 quodque
955 2248 1189 2291 litterarum
1235 2250 1485 2292 Latinarum

43 2329 244 2371 studiosis
272 2344 420 2385 parum
449 2330 761 2371 satisfacturum
791 2337 915 2370 esset.
973 2326 1121 2384 Neque
1143 2330 1256 2370 enim
1278 2338 1374 2370 ante
1396 2338 1486 2370 tota

43 2406 165 2459 haec,
197 2423 302 2464 quae
322 2423 435 2450 nunc
456 2411 585 2465 viget,
618 2422 719 2449 cura
738 2406 973 2448 lexicorum
994 2407 1307 2449 condendorum
1326 2418 1484 2449 certum

44 2485 240 2528 effectum
261 2485 417 2528 habere
434 2496 586 2543 potest,
611 2501 734 2543 quam
754 2485 1010 2543 elegantium
1031 2501 1078 2528 ac
1097 2485 1326 2542 politorum
1345 2488 1486 2541 cujus-

44 2578 125 2620 que
143 2567 294 2607 aetatis
312 2567 563 2621 scriptorum
584 2567 760 2618 indices,
791 2580 876 2607 non
905 2565 1014 2607 forte
1043 2565 1222 2616 collecti,
1255 2567 1315 2607 uti
1336 2568 1484 2619 cuique

1101 2646 1207 2674 aaz*
