1775 3091
411 287 465 328 ad
496 285 658 341 Quintil.
688 284 821 326 Instit.
854 283 921 338 Π,
954 290 992 328 5.
1024 283 1063 340 §.
1094 290 1174 326 6-
1194 293 1261 330 19.
1502 297 1555 333 83

108 406 214 444 bono
263 404 363 442 libro
410 403 487 453 sit,
541 415 626 440 non
665 408 838 440 notatur.
951 398 1147 456 simulque.
1194 417 1265 456 que
1311 416 1390 444 om.
1428 402 1552 446 Amb.

109 477 148 513 2.
259 487 374 525 semp.
404 468 491 510 doc.
547 468 636 509 doc.
667 485 782 522 semp.
821 465 944 507 Amb.
967 472 1004 508 1.

219 551 256 603 §.
290 549 355 588 14.
416 546 570 588 latiore.
631 546 777 586 latoria
804 544 932 586 Aan.
964 551 1002 587 1.

222 629 259 679 §.
297 631 363 668 15.
422 643 657 682 quamquam
696 635 796 665 sunt.
867 641 905 679 q.
945 627 1023 663 sint
1063 622 1196 666 Guelf.
1233 641 1326 666 cum
1360 626 1469 669 Jens.
1514 638 1554 670 et

105 704 270 749 posterr.
293 704 383 734 ante
409 693 520 735 Sich.
634 696 676 733 in
697 692 806 748 quali
826 691 932 741 Ioco,
966 703 1143 748 tempore.
1204 695 1231 734 ἰ.
1257 711 1294 749 q.
1329 712 1392 748 re,
1422 707 1553 751 temp„

104 763 193 803 Ioco
220 762 347 803 Amb.
375 767 411 803 1.
447 765 576 814 benet,
615 764 658 800 in
686 764 796 814 vulg.
838 761 1082 801 desideratur
1113 764 1268 816 copula.
1381 765 1433 802 sit
1461 780 1554 803 usus

102 833 309 886 sapienter.
370 833 422 870 sit
442 847 526 885 sap.
547 847 606 871 us,
637 828 764 870 Amb.
789 833 826 869 1.
857 827 964 869 Flor.

219 910 256 960 §.
291 914 356 950 16.
415 910 485 949 Αη
509 925 615 949 vero.
675 906 736 948 Ita
759 906 1005 948 etIam'Flor.
1027 909 1147 949 Amb.
1176 914 1214 949 2.
1250 907 1391 964 Camp.
1422 909 1552 963 Obr.‚

103 974 216 1015 haud
248 977 367 1015 dubie
398 975 524 1017 Amb.
552 982 588 1017 1.
706 975 953 1016 declamabit.
1014 975 1258 1015 declamabat
1282 976 1419 1018 Turio.
1448 994 1471 1018 a
1493 995 1554 1033 pr.

105 1058 161 1083 m.
191 1043 297 1084 Flor.
332 1059 425 1083 cum
455 1042 566 1084 AJm.
681 1055 747 1082 aut
775 1043 976 1084 Demostlz.
1008 1047 1129 1083 etiam
1151 1043 1286 1083 Turic.
1309 1043 1430 1086 Paris·
1455 1051 1492 1086 1.
1515 1050 1553 1087 5.

107 1106 245 1163 Calnp.
270 1109 380 1150 Sich.
410 1109 510 1151 Obr.
539 1113 630 1150 fort.
650 1109 776 1150 Amb.
800 1115 837 1151 1.
954 1127 1002 1150 ac
1030 1112 1196 1149 traditur
1216 1114 1259 1148 in
1279 1110 1401 1152 Paris.
1424 1119 1465 1153 2.
1488 1116 1556 1152 in-

104 1186 285 1217 ventum.
403 1179 633 1229 corrigetur.
694 1178 908 1228 corrigitur
930 1179 1052 1215 etiam
1071 1176 1102 1216 F
1105 1180 1177 1216 lor.
1196 1175 1324 1218 Amb.
1349 1183 1386 1218 1.
1411 1178 1552 1235 Camp.

187 1245 349 1298 quisque
370 1259 472 1297 repr.
534 1260 635 1298 repr.
663 1245 790 1299 quisq.
820 1241 949 1283 Amb.
984 1248 1021 1284 1.

215 1323 251 1374 §.
285 1327 349 1363 17.
409 1320 478 1361 secl
508 1324 705 1364 neminem.
765 1338 834 1363 nec
866 1323 1004 1363 nemin.
1043 1320 1180 1362 Turio.
1210 1320 1318 1364 Flor.
1350 1339 1373 1363 a
1403 1340 1462 1379 pr.
1496 1340 1553 1367 m.

101 1386 213 1429 Ahn.
243 1386 378 1430 Guelf.

215 1467 252 1518 §.
287 1472 352 1508 18.
411 1467 489 1508 Ηίο
518 1483 672 1509 novum
701 1477 821 1522 caput
850 1468 1003 1507 orditur
1038 1470 1085 1507 in
1112 1466 1249 1508 Turio.
1284 1467 1412 1510 Amb.
1444 1474 1482 1510 1.
1513 1476 1554 1512 2.

102 1532 210 1575 Flor.
249 1532 372 1576 Goth.
407 1532 541 1577 Guelf.
582 1535 701 1576 Voss.
729 1541 767 1577 1.
790 1541 829 1577 3.
874 1534 997 1577 Bern.
1039 1535 1180 1590 Camp.
1223 1537 1330 1577 Jens.
1373 1546 1414 1577 et
1450 1547 1553 1591 post.

101 1611 195 1641 ante
226 1599 406 1657 Gryph.‚
455 1606 715 1657 inscriptum,
772 1603 851 1655 Qui
880 1606 1001 1658 primi
1036 1603 1199 1657 legendi.
1260 1607 1353 1658 quia
1380 1603 1557 1661 facilior

102 1685 244 1710 eorum.
304 1686 434 1710 eorum
453 1674 582 1711 omitt.
604 1674 728 1711 etiam
747 1670 857 1711 Flor.
874 1670 990 1712 AJm.
1013 1670 1139 1712 Amb.
1164 1677 1201 1712 1.
1222 1687 1245 1711 a
1263 1688 1322 1725 pr.
1345 1687 1428 1724 m.;
1472 1689 1552 1714 sec.

100 1751 158 1778 m.
178 1739 274 1778 fecit
295 1741 388 1793 quia
417 1738 537 1791 (nam
555 1742 664 1793 prius
686 1748 769 1778 erat
788 1737 892 1793 qua)
910 1738 1150 1795 faciliores‚·
1178 1742 1295 1779 tertia
1305 1739 1483 1796 facilior
1500 1751 1557 1780 est

101 1821 245 1846 eorum.
345 1816 527 1847 aetatum.
586 1809 771 1845 aetatium
788 1805 926 1846 Turio.
951 1804 1075 1846 Bern.
1137 1805 1199 1846 Cf.
1223 1808 1448 1847 civitatium
1466 1823 1554 1862 cap.

100 1872 142 1924 4,
168 1876 236 1913 33.
1147 1904 1150 1907 .

213 1952 250 2003 §.
284 1955 350 1992 19.
410 1954 549 2005 major.
605 1949 668 1992 Ita
699 1953 822 1991 etiam
850 1950 988 1992 Turio.
1022 1949 1130 1991 Flor.
1150 1948 1276 1990 Amb.
1302 1955 1340 1992 1.
1362 1957 1403 1993 2.
1423 1950 1552 1995 Paris.

102 2022 141 2058 1.
166 2022 206 2057 3.
235 2016 376 2072 Camp.
434 2021 597 2073 majoris
615 2036 637 2059 e
656 2019 778 2060 Paris.
797 2025 838 2060 2.
859 2028 1057 2059 enotatur.
1175 2034 1270 2072 opus
1287 2021 1351 2059 sit.
1412 2036 1475 2075 op.
1498 2031 1556 2060 est

99 2083 208 2125 Jens.
230 2095 270 2125 et
290 2095 392 2139 post.
419 2096 510 2127 ante
535 2087 664 2139 Sich„
694 2103 782 2128 exc.
801 2087 919 2139 Ald„
944 2101 1038 2127 cum
1048 2085 1166 2127 Voss.
1189 2091 1226 2126 1.
1243 2091 1282 2127 3.
1346 2084 1427 2141 [In
1444 2091 1551 2128 notis

101 2162 256 2206 exeget.
279 2153 417 2207 Spald.
438 2158 637 2194 nonnulla
652 2156 840 2195 videntur
855 2158 988 2195 minus
1005 2164 1110 2194 recte
1136 2158 1314 2209 exposita
1329 2186 1339 2206 ‚
1372 2159 1550 2209 primum

99 2222 212 2275 quod
245 2237 269 2260 α
292 2224 424 2276 pueris
463 2222 531 2262 hic
570 2223 849 2262 adverbialiter
884 2225 1011 2275 accipi
1039 2224 1190 2271 voluit,
1239 2225 1355 2277 quasi
1382 2221 1550 2263 Livium

99 2296 317 2341 perpetuo,
363 2304 460 2328 nam
489 2291 533 2329 id
559 2292 664 2330 inest
690 2294 725 2330 si
759 2287 837 2330 ἀπὸ
875 2290 1031 2330 παίδων
1064 2292 1285 2342 intelligas,
1331 2291 1553 2343 legendum

99 2363 236 2407 putetr,
262 2355 404 2395 deinde
422 2359 530 2412 quod
552 2369 750 2398 auctorem
763 2356 1026 2399 Ciceroniana
1038 2360 1192 2397 ratione
1214 2358 1264 2396 ad
1274 2358 1395 2397 fidem
1411 2373 1548 2398 rerum

98 2422 337 2461 traditarum
357 2426 498 2477 refert,
537 2440 631 2465 cum
651 2423 929 2477 Quintilianus
949 2427 1032 2465 fere
1051 2440 1122 2479 pro
1141 2428 1351 2478 scriptore,
1392 2440 1439 2465 eo
1468 2430 1552 2480 quo'

100 2503 174 2529 nos
194 2492 314 2543 vulgo
336 2506 477 2544 sensu,
506 2502 644 2546 ponat.
701 2491 844 2548 Neque
863 2496 956 2533 satis
978 2508 1118 2533 causae
1137 2493 1254 2532 video
1271 2524 1281 2543 ,
1321 2508 1391 2532 cur
1414 2502 1552 2532 tanto-

101 2571 195 2609 pere
227 2559 455 2598 adversetur
482 2557 683 2611 Gesmero,
723 2571 780 2610 et,
815 2564 876 2600 uti
905 2576 1064 2601 necesse
1100 2569 1178 2607 est,
1212 2575 1284 2613 pro
1318 2575 1553 2614 quamquam

102 2626 327 2677 accipienti.
369 2625 505 2667 Etiam
521 2637 714 2668 nostrates
733 2638 900 2669 accentu
919 2629 1053 2668 addito
1074 2626 1153 2665 und
1171 2628 1375 2667 interdum
1393 2636 1552 2681 ponunt

101 2705 172 2742 pro
202 2692 280 2731 und
310 2692 433 2746 doch,
476 2706 511 2734 et
538 2706 687 2748 tamen,
730 2707 770 2738 et
789 2696 966 2738 Romani
988 2698 1194 2749 scriptores
1215 2711 1300 2735 non
1321 2696 1420 2735 adeo
1445 2710 1548 2744 raro,

100 2759 202 2799 sicut
228 2758 365 2802 Cicero
385 2777 457 2817 pro
475 2761 564 2805 Mil.
589 2769 640 2806 33
666 2764 702 2817 §.
726 2769 792 2817 91,
823 2768 868 2805 in
886 2764 1005 2807 Verr.
1028 2761 1100 2814 III,
1125 2768 1148 2804 3
1169 2762 1291 2816 init.]

990 2831 1021 2872 F
1053 2837 1078 2874 2
