1775 3091
402 227 457 267 aa
492 226 655 281 Quintia
685 226 813 266 lusan.
847 224 902 274 V,
934 230 970 267 7.
1005 225 1038 278 §⁴
1071 228 1237 266 3—16.
1454 228 1539 266 239

102 339 244 382 altera.
354 357 452 396 pars
486 352 663 396 utraque.
727 339 838 382 Jens.
880 347 921 379 et
959 338 1049 380 edd.
1086 353 1203 379 meae
1238 352 1401 389 omnes,
1439 339 1538 379 'exc.

102 408 204 450 Obr.
319 425 550 464 separemus.
608 409 717 450 Flor.
743 423 1025 462 separaremus.
1082 405 1206 447 Goth.
1228 421 1454 461 sepe›·emus.

213 478 251 529 §.
285 482 350 518 10.
408 477 553 517 volunt.
578 476 780 532 producit.
834 474 968 515 Etiam
996 474 1122 515 Aan.
1146 480 1184 515 1.
1215 489 1238 514 a
1265 489 1343 514 sec.
1364 488 1420 513 m.
1446 488 1541 514 cum

100 542 209 586 Flor.
238 547 358 585 inser.
392 561 490 595 cum,
518 560 540 584 a
561 560 638 585 sec.
661 559 716 584 m.
742 558 837 581 cum.
952 542 1047 582 clici.
1071 545 1134 581 sit.
1195 541 1297 583 Ald.
1321 539 1361 581 ἅ.
1384 551 1452 581 est.

100 611 273 665 ideoque.
320 611 458 652 Turic.
480 612 553 651 ide.
604 610 742 664 Camp.
761 609 859 650 idco.
973 609 1337 664 providendumque.
1400 606 1538 650 Guelf.

97 678 391 732 providendum.
453 677 572 720 Voss.
608 685 644 720 1.
670 677 987 734 proviclcnclique.
1105 680 1211 717 testis
1238 679 1303 718 sit.
1357 674 1466 717 Jens.
1498 685 1540 716 et

99 747 190 786 edd.
218 755 309 785 ante
330 745 458 787 Stoer.
479 764 511 786 s.
534 757 561 787 t.

210 815 246 866 §.
270 819 337 853 11.
384 815 603 855 turbantur.
651 811 788 854 Guelf.
810 811 948 866 Camp.
971 812 1162 853 turbatur.
1247 814 1359 852 enim.
1399 809 1542 864 Camp-

97 899 154 921 τη.
266 881 488 922 induuntur.
545 880 682 921 Etiam
709 880 836 921 Amb.
863 886 899 921 1.
924 886 962 921 2.
988 879 1095 921 Flor.
1129 880 1217 921 Par.
1243 885 1280 920 1.
1299 886 1337 921 2.
1359 885 1396 920 3.
1426 878 1543 918 indn-

100 959 250 989 cuniur.
364 949 554 1004 loqueum.
609 948 738 991 Amb.
767 955 806 990 2.
837 947 972 989 Guelf.
1005 947 1150 1002 laqueo.
1210 946 1332 987 Amb.
1365 952 1403 988 1.
1431 945 1539 988 Flor.

97 1016 189 1057 I‘ar.
224 1022 260 1056 1.
292 1023 332 1057 2.
363 1022 401 1057 3.
436 1021 556 1056 etiam
587 1017 700 1057 latus.
813 1027 847 1056 ct
872 1016 972 1070 plus,
1026 1016 1132 1056 Flor.
1162 1015 1270 1056 Jens.
1300 1014 1397 1056 Loc.
1417 1014 1485 1053 secl
1506 1024 1543 1052 ct

95 1084 198 1138 plns.
311 1083 437 1125 Amb.
467 1090 507 1125 2.
540 1084 607 1123 sal
639 1083 739 1138 plus.
852 1084 1083 1138 ‹lt-prehensi.
1142 1082 1269 1123 Amb.
1303 1089 1343 1124 2.
1380 1097 1542 1137 quoque

99 1152 287 1206 ‹lc-prensi.
399 1155 579 1193 interriti.
633 1151 772 1205 Camp.
794 1153 1000 1190 interituri.
1123 1150 1229 1190 domi
1248 1161 1348 1190 anie.
1404 1149 1542 1189 Turio.

99 1219 206 1259 Flor.
231 1219 462 1260 dominante.
574 1220 782 1271 ver-sancli5
810 1221 946 1258 variis.
994 1217 1061 1259 Sic
1082 1222 1203 1258 etiam
1220 1216 1347 1258 Amb.
1371 1222 1408 1258 1.
1430 1216 1539 1258 Flor.

98 1286 189 1327 Par.
215 1292 251 1327 1.
272 1293 312 1327 2.
424 1289 585 1342 possint.
643 1287 711 1328 Sic
743 1290 863 1327 etiam
892 1285 1018 1326 Amb.
1051 1291 1089 1325 1.

211 1356 247 1407 §0
279 1360 344 1395 12.
402 1358 653 1396 constiterint.
709 1355 845 1395 Turic.
875 1354 982 1394 Flor.
1009 1356 1270 1393 constiterunt.
1383 1353 1453 1391 vit.
1480 1353 1543 1389 in-

99 1421 237 1462 sidiac.
293 1421 362 1462 Sic
384 1425 504 1462 etiam
526 1421 652 1465 Amb.
675 1428 713 1463 1.
728 1429 763 1465 2.
783 1423 891 1463 Flor.
1009 1421 1091 1462 illa.
1140 1420 1278 1461 Turio.
1299 1419 1405 1460 Flor.
1425 1418 1543 1461 Alm.

95 1489 203 1529 illas.

209 1558 244 1610 §.
277 1561 340 1598 13.
396 1559 540 1610 igitur,
572 1574 679 1611 quas,
735 1555 875 1610 Camp.
906 1556 1024 1597 Bodl.
1042 1559 1181 1596 inserr.
1199 1565 1371 1610 propter.
1458 1553 1543 1594 lae-

97 1623 226 1664 dendi.
291 1623 414 1664 Amb.
451 1630 487 1664 1.
524 1624 658 1665 Turic.
692 1624 800 1665 Flor.
831 1624 947 1668 Alm.
986 1624 1102 1665 Bodl.
1132 1623 1246 1663 laedi.
1358 1623 1542 1678 qffirant.

98 1691 235 1733 Guels.
254 1691 372 1733 Voss.
407 1698 445 1732 3.
471 1693 654 1748 qffirunt.
767 1702 842 1732 sat.
873 1691 997 1732 Goth.
1027 1690 1146 1731 Voss.
1168 1697 1207 1731 2.
1240 1690 1349 1731 Jens.
1382 1700 1422 1730 et
1451 1690 1541 1730 edd.

101 1768 193 1799 ante
221 1758 350 1800 Stoer.
377 1775 516 1810 meae,
558 1775 652 1799 cum
684 1762 738 1799 eis
769 1774 871 1813 quae
889 1768 983 1798 sunt
1006 1774 1067 1811 ap.
1087 1757 1227 1798 Burm.
1247 1760 1358 1798 satis.
1471 1773 1544 1810 per

98 1827 185 1866 hoc.
245 1825 370 1868 Amb.
392 1832 431 1868 2.
451 1825 585 1866 Guelf.
600 1843 673 1880 pro
694 1826 779 1865 hoc.
883 1825 1141 1865 reconciliari.
1187 1825 1212 1865 J
1215 1841 1295 1864 ens.
1315 1822 1413 1864 Loc.
1432 1821 1543 1864 Ven-

99 1893 318 1935 conciliari.
414 1897 596 1949 corrupti.
649 1892 785 1934 Guelf.
808 1896 994 1947 conrupii.
1089 1895 1130 1932 in
1153 1894 1213 1932 iis.
1261 1889 1395 1932 Guelfi
1415 1891 1543 1933 Amb.

98 1968 136 2004 2.
170 1961 309 2015 Camp.
339 1965 381 2001 in
410 1962 487 2003 his.
600 1978 645 2001 ca
673 1979 779 2016 quae.
835 1960 963 2003 Amb.
992 1967 1029 2002 2.
1062 1977 1190 2016 eaque.
1301 1969 1381 1998 tum
1407 1958 1542 2000 multo.

97 2029 226 2074 Amb.
250 2034 286 2069 1.
313 2035 349 2070 2.
379 2028 486 2070 Flor.
516 2029 602 2070 Par.
625 2034 660 2069 1.
682 2034 718 2070 5.
740 2032 931 2069 omittunt
949 2039 1039 2068 tum.

209 2098 245 2148 §.
279 2098 343 2137 14.
399 2100 630 2151 ευερεοίίιιε.
672 2097 808 2138 Turio.
835 2112 859 2137 a
884 2113 942 2150 pr.
963 2112 1017 2136 m.
1048 2106 1254 2150 suspectus.
1364 2109 1543 2149 persevc-

99 2167 284 2205 raverint.
347 2163 475 2207 Amb.
506 2170 542 2206 1.
575 2168 844 2219 perseverarit.
910 2164 1044 2205 Turio.
1072 2166 1370 2218 perseverarint.
1433 2161 1540 2202 Flor.

97 2243 402 2287 perseverarunt.
467 2231 602 2273 Guelf.
625 2248 647 2272 a
665 2249 723 2286 pr.
742 2248 793 2272 m.
816 2230 940 2274 Goth.
973 2232 1097 2275 Amb.
1119 2237 1159 2272 2.
1187 2239 1542 2286 perseveraverunt.

185 2302 390 2355 responsio.
446 2299 514 2341 Sic
534 2304 655 2340 etiam
677 2299 709 2340 F
712 2304 786 2341 lor.
805 2315 828 2340 a
847 2317 906 2355 pr.
927 2316 983 2341 m.
1044 2298 1126 2340 Sed
1157 2314 1208 2338 ex
1227 2297 1352 2340 Amb.
1373 2302 1408 2337 1.
1436 2297 1543 2336 nihil

100 2369 149 2406 ab
179 2365 374 2408 Obrecht.
405 2369 604 2408 diversum
632 2377 815 2420 notatur,
865 2371 900 2409 si
933 2371 1022 2424 quis
1059 2370 1096 2406 ei
1121 2369 1180 2406 rei
1208 2366 1405 2406 confidere
1431 2367 1543 2404 velit.

99 2432 207 2475 Mihi
224 2449 317 2473 vero
337 2436 660 2489 reprehensionem
680 2438 877 2476 sententia
895 2438 1053 2476 videtur
1074 2437 1294 2488 postulare,
1330 2447 1406 2473 nec
1431 2435 1542 2472 mul-

99 2509 188 2542 tum
202 2503 335 2541 tribuo
355 2502 433 2542 hoc
455 2505 499 2542 in
527 2505 629 2543 libro
650 2504 848 2543 codicibus
867 2507 945 2543 illis
966 2504 1098 2543 adhuc
1117 2504 1286 2555 optimis.

214 2572 251 2622 §.
285 2573 347 2611 15.
404 2580 543 2611 tamen.
604 2570 672 2612 Sic
693 2574 814 2611 etiam
832 2571 960 2613 Amb.
981 2577 1018 2612 1.
1034 2577 1073 2612 2.
1096 2570 1203 2610 Flor.
1225 2568 1315 2609 Par.
1343 2572 1380 2607 1.
1401 2571 1441 2608 2.
1464 2570 1501 2609 5.

214 2641 247 2689 §.
282 2642 347 2679 16.
404 2637 532 2679 habet.
585 2637 715 2681 Amb.
739 2642 775 2680 1.
804 2638 954 2680 habent.
1068 2635 1257 2677 laedendi.
1314 2634 1453 2689 Camp.
1480 2633 1542 2674 lu-

100 2703 230 2747 ciendi.
342 2704 410 2747 sed
439 2706 572 2762 aliquo
600 2730 659 2740 —
688 2705 742 2748 acl
771 2706 824 2750 id.
887 2706 996 2749 Flor.
1031 2705 1171 2760 Camp.
1202 2707 1323 2746 etiam
1349 2720 1389 2742 se
1415 2703 1464 2743 ab
1496 2718 1540 2743 eo
