1775 3091
349 209 402 251 acl
433 207 595 263 Quintil.
630 205 758 248 Instil.
798 205 853 260 V,
888 212 952 248 11.
996 208 1033 259 §.
1063 168 1260 250 29-2-37.
1439 213 1515 248 281

89 344 120 366 c.
155 342 188 366 0.
312 325 605 364 matrimonium.
667 321 774 362 Jens.
813 321 934 362 Tarv.
976 323 1236 362 matrimonio.
1347 320 1519 378 fuerin!-

90 392 424 454 Guelf.fi1crunr.
516 401 688 430 mentem.
736 389 862 430 Aan.
885 395 921 430 1.
954 392 1089 430 ηιειιίὲ.
1142 384 1434 443 (lamp-mente.

88 464 259 501 matrim.
283 478 356 500 non
370 459 516 517 juisse.
565 457 704 512 Camp.
730 475 766 498 n.
775 456 821 515 f
842 473 894 498 m.
948 455 1073 498 Amb.
1098 462 1147 507 1·ss
1167 472 1190 498 a
1206 472 1267 512 pr.
1299 471 1356 497 m.
1378 459 1521 497 matri-

89 532 195 569 moni
224 546 262 568 η.
280 528 318 584 f.

201 621 238 670 §.
252 622 318 657 33.
348 616 475 672 quale.
505 614 792 668 Turic.Camp.
807 613 952 669 qualeS.
987 613 1112 658 Amb.
1123 621 1161 656 2.
1177 613 1283 670 qual.
1335 631 1337 633 ¹
1367 617 1403 655 si
1420 618 1520 669 quis.

89 686 210 726 Amb.
225 690 261 724 1.
282 687 317 723 si
336 687 415 738 qui.
501 701 560 723 me
578 685 691 723 eoeire
711 681 837 722 clomo.
868 684 988 723 Amb.
1003 687 1042 723 1.
1055 699 1107 723 m.
1121 685 1234 722 exire
1248 682 1294 721 de
1307 682 1347 723 d.
1379 682 1522 738 Camp.

88 770 139 793 m.
150 753 188 793 cl.
201 770 233 793 e.
268 752 377 793 Jens.
400 761 438 793 et
460 752 550 793 edd.
564 760 655 791 ante
666 749 771 791 Bad.
783 749 822 790 cl.
835 767 885 791 m.
899 766 931 790 e.
1021 752 1220 804 co'e‘gisset.
1258 750 1395 793 Turio.
1414 751 1521 796 Flor.

92 836 115 860 a
134 837 192 874 pr.
204 836 259 861 m.
281 823 460 873 cogisset.
545 821 581 858 si
598 821 698 873 quis,
741 817 861 857 Amb.
883 823 920 858 1.
941 824 980 858 2.
1002 817 1108 858 Flor.
1131 821 1167 857 si
1185 821 1266 872 qui.
1351 821 1526 860 introire.

91 887 160 928 Sic
190 890 308 927 etiam
331 887 438 928 Flor.
471 888 591 928 Amb.
611 892 651 928 2.
745 885 900 940 prohib.
950 883 1092 938 Camp.
1119 887 1270 940 prelzib.
1364 887 1458 932 Non
1477 890 1524 928 si.

92 955 198 995 Flor.
232 957 338 995 Alm.
368 958 489 994 etiam
518 971 594 994 non
615 955 701 993 nisi.
759 955 880 992 Amb.
907 957 943 993 1.
967 952 1118 994 Vidov.
1139 971 1214 994 non
1233 957 1282 996 is.
1369 953 1526 1008 legavit.

94 1022 236 1077 Camp.
266 1022 465 1076 legaverit.
564 1020 791 1061 nominibus.
840 1019 979 1073 Camp.
1011 1022 1199 1062 omnibus.

205 1106 242 1155 §.
263 1102 328 1141 34.
381 1099 629 1155 Ἀναλογιάν.
667 1097 774 1139 Flor.
798 1100 1028 1151 απολογιαν.
1068 1101 1188 1140 Amb.
1211 1107 1250 1141 2.
1280 1103 1377 1140 item
1402 1117 1531 1142 αποα-

93 1185 202 1209 πιαν.
308 1185 333 1207 α
352 1168 484 1208 simili.
537 1170 656 1207 Amb.
679 1172 719 1207 2.
738 1181 815 1206 om.
836 1181 872 1206 α.
952 1169 1010 1205 sic
1029 1165 1167 1205 decem.
1213 1170 1333 1208 Amb.
1357 1174 1394 1208 1.
1420 1168 1529 1210 Flor.

94 1239 214 1275 etiam
243 1246 277 1274 ci
305 1235 343 1275 ἅ.
398 1239 514 1275 Amb.
536 1241 574 1275 2.
607 1245 640 1273 et
670 1232 722 1273 acl
752 1232 791 1273 d.
888 1243 1001 1273 cerie.
1051 1235 1172 1275 Amb.
1201 1241 1238 1275 1.
1270 1235 1405 1277 Turio.
1423 1236 1530 1277 Flor.

96 1303 235 1357 Camp.
249 1303 366 1344 Voss.
391 1308 430 1344 3.
452 1313 606 1343 certum.
648 1303 769 1341 Amb.
791 1306 830 1341 2.
854 1303 962 1340 certi.
1006 1300 1118 1341 Jens.
1143 1311 1182 1342 et
1202 1304 1293 1342 edd.
1317 1313 1408 1342 ante
1427 1303 1530 1345 Bad.

95 1382 150 1409 est
182 1381 295 1411 cer-ic.
397 1370 536 1410 malus.
586 1370 704 1408 Amb.
736 1375 775 1409 2.
807 1367 944 1408 malos.
1055 1369 1245 1410 dominae.
1291 1373 1411 1411 Amb.
1436 1377 1470 1411 1.
1489 1379 1532 1412 2.

94 1437 203 1478 Flor.
239 1437 329 1478 Par.
352 1443 389 1477 1.
419 1440 537 1477 etiam
564 1436 733 1476 domino.
783 1434 874 1476 Pax.
898 1440 936 1475 3.
966 1436 1089 1476 etiam
1113 1436 1272 1477 domini.
1385 1438 1539 1480 multis.

95 1507 214 1544 Amb.
236 1509 273 1544 1.
303 1503 410 1544 Flor.
434 1506 561 1543 music.

206 1585 242 1635 ᾖ.
274 1586 341 1623 35.
401 1597 454 1621 ex
473 1581 619 1620 dissim.
664 1580 786 1621 Amb.
808 1585 846 1622 1.
869 1598 894 1620 a
915 1580 1011 1621 diss.
1114 1583 1217 1637 quod
1235 1583 1339 1625 (lom.
1392 1583 1533 1639 Camp.

96 1652 162 1705 qui
182 1650 221 1691 cl.
308 1651 436 1689 mutis.
489 1651 610 1689 Amb.
635 1654 674 1688 1.
704 1647 811 1687 Flor.
835 1647 982 1688 multis.
1063 1651 1166 1704 finis
1186 1654 1335 1691 omittit
1353 1652 1472 1692 Amb.
1495 1658 1534 1693 1.

181 1720 273 1772 quin
299 1716 418 1756 Amb.
439 1721 477 1756 1.
508 1715 599 1756 Par.
623 1719 661 1755 1.
682 1718 883 1754 omittunt.
984 1731 1038 1755 ex·
1060 1728 1182 1757 contr.
1200 1743 1257 1749 —-
1276 1719 1375 1758 idco.
1423 1719 1537 1759 Haec

98 1800 178 1824 om.
211 1788 329 1824 Amb.
353 1789 392 1823 1.
453 1783 556 1834 Quia
574 1805 629 1813 —-
648 1798 724 1821 non
745 1797 825 1821 om.
854 1782 962 1823 Flor.
990 1797 1012 1821 a
1029 1799 1089 1836 pr.
1110 1799 1165 1824 m.
1254 1802 1330 1825 non
1351 1785 1538 1827 rational.

98 1853 218 1892 Amb.
239 1858 279 1891 -1.
302 1854 418 1889 int-at.

213 1931 249 1980 §.
283 1933 349 1969 36.
408 1927 642 1967 Adhibetur.
693 1928 812 1966 Amb.
843 1931 879 1966 1.
908 1932 948 1968 2.
980 1926 1118 1970 Turio.
1141 1929 1397 1972 adhibebitur.
1511 1949 1539 1972 a
1590 1967 1599 1973 .

101 1997 251 2052 quihus.
295 1998 414 2035 Amb.
440 1998 655 2046 1.0mittit‚
685 2009 761 2035 sec.
783 2010 839 2034 m.
864 1997 1000 2034 inserit
1019 1998 1098 2050 qui.
1186 1997 1384 2041 (licuntur.
1415 1999 1535 2041 Amb.

104 2071 141 2104 1.
163 2064 316 2115 dicunt,
358 2066 493 2103 abraso
518 2080 578 2104 ur.
662 2078 748 2102 voc.
768 2078 843 2101 non
863 2062 922 2102 dc.
969 2063 1092 2104 Amb.
1120 2069 1156 2104 1.
1178 2071 1217 2106 2.
1247 2066 1353 2106 Flor.
1377 2083 1538 2122 quoque

102 2135 292 2172 omittunt
320 2147 404 2169 non.
503 2146 634 2170 causa.
682 2128 805 2169 Amb.
832 2134 868 2168 1.
899 2132 1048 2181 causis,
1089 2134 1249 2173 fortasse
1269 2137 1376 2187 prius
1404 2151 1537 2176 causa.

190 2198 351 2255 siquid.
392 2200 511 2237 Amb.
536 2202 572 2237 1.
604 2195 738 2238 Guelf.
764 2196 871 2237 Ahn.
896 2201 1022 2238 omitt.
1042 2201 1090 2239 si.
1131 2199 1270 2254 Camp.
1293 2204 1330 2241 si
1352 2202 1467 2257 quod.

103 2269 241 2307 visum.
290 2265 427 2306 Turic.
461 2268 500 2304 in
518 2282 639 2305 usum.
687 2262 822 2305 Guelf.
853 2281 972 2306 usum.
1075 2266 1303 2309 illustribus.
1350 2270 1469 2311 Amb.
1496 2277 1537 2312 2.

105 2333 340 2373 inlustribus.

219 2398 319 2454 [Ad
348 2409 483 2440 notam
512 2416 624 2453 exeg.
656 2401 704 2440 de
731 2401 1016 2452 sIgnificatione
1044 2401 1120 2441 hac
1145 2406 1251 2442 vocis
1270 2403 1399 2459 κρίσις
1418 2403 1540 2459 Spal-

108 2470 263 2522 diugius
285 2468 507 2520 adscripsit:
552 2467 614 2509 Cf.
636 2467 765 2521 Toup.
789 2468 838 2507 ad
856 2466 1030 2523 Longin.
1057 2485 1093 2523 p.
1116 2470 1235 2523 291]

220 2552 255 2600 §.
294 2537 367 2586 37.1
425 2545 498 2587 vcl.
557 2545 623 2586 Sic
656 2550 779 2587 etiam
805 2546 922 2588 Amb.
954 2552 991 2588 1.
1020 2547 1125 2588 Flor.
1230 2550 1536 2593 accommodata..

108 2614 229 2655 Amb.
266 2619 304 2653 1.
343 2611 477 2653 Turio.
510 2623 548 2654 et
573 2612 705 2665 Flor.,
755 2623 919 2669 uterque
948 2631 971 2655 a
1000 2631 1058 2669 pr.
1088 2631 1172 2667 1n.‚
1220 2618 1538 2661 accommodatis.

109 2684 220 2724 Alm.
244 2680 508 2723 accommoda.
591 2680 789 2740 factaque
809 2685 900 2737 quia
921 2693 1002 2724 aut.
1051 2682 1191 2738 Camp.
1202 2686 1382 2740 fictaque
1402 2697 1482 2727 aut.
