1775 3091
175 184 254 221 352
312 175 586 232 Supplemenia
602 176 864 218 annotationis
884 173 938 214 acl
956 174 1088 226 Quint,
1108 171 1206 218 last.
1228 172 1307 224 VI,
1334 179 1374 215 5.
1399 175 1436 232 §.
1460 180 1525 215 11.

173 292 242 334 Sic
272 294 394 331 etiam
424 288 576 341 Goth„
614 289 685 344 qui
713 286 754 326 h.
783 288 812 327 l.
842 285 949 326 nihil
976 288 1115 328 variat.
1233 303 1379 329 revera.
1424 286 1550 328 Amb.
1577 293 1615 328 1.

173 361 279 401 Flor.
313 363 434 400 etiam
464 375 524 398 res
549 373 588 396 υ.
712 365 746 393 et
775 365 917 393 tamen.
977 353 1110 394 Turio.
1141 370 1164 394 a
1193 370 1249 408 pr.
1279 371 1333 396 m.
1372 355 1481 396 Flor.
1513 372 1558 394 en
1587 365 1615 395 1.

256 428 506 468 voluntatem.
564 423 690 464 Amb.
713 428 751 463 1.
779 421 998 473 voluntate,
1031 438 1108 463 sec.
1127 438 1182 463 m.
1207 433 1298 463 ante
1328 427 1467 463 inserit
1497 440 1532 463 a.

173 514 319 553 preces.
378 494 513 535 Turio.
544 508 567 532 a
596 508 652 546 pr.
676 506 732 531 m.
760 507 933 546 preceps.
1049 490 1285 532 detraxerit.
1346 489 1469 532 Goth.
1497 489 1619 531 Voss.

175 573 216 609 2.
247 565 439 604 (Ῑεΐναεΐίί.

292 657 326 705 §.
359 659 424 693 11.
471 651 708 708 frustraque
729 651 810 688 sinc
838 666 894 689 eo.
953 647 1086 689 Turio.
1117 665 1141 689 a
1170 666 1230 704 pr.
1259 666 1315 691 m.
1336 649 1505 706 frustra
1533 649 1622 702 quis

176 728 216 765 in
245 740 301 763 eo.
360 721 464 762 Flor.
493 719 660 776 fnestra
690 734 786 773 quas
814 720 854 756 in
883 734 941 757 eo.
1055 717 1119 756 vel
1145 721 1238 758 sine.
1299 717 1440 770 Camp.
1474 717 1623 756 omittit

175 792 246 833 vel.
379 789 548 844 Aptare.
613 786 722 827 Flor.
762 788 882 825 etiam
920 802 1081 840 appare.
1215 797 1271 824 est
1307 785 1484 837 ejusdem.
1553 782 1622 823 Sic

177 864 298 900 etiam
335 856 462 898 Amb.
502 862 538 896 1.
579 855 686 896 Flor.
801 853 929 894 latius.
986 853 1124 895 Turio.
1165 869 1188 892 a
1216 870 1276 907 pr.
1307 869 1361 893 m.
1393 852 1508 891 latus.

175 931 416 982 mioetusqne.
468 916 605 965 Turic-
636 926 790 963 mixtus
820 939 930 978 quae.
1032 924 1268 977 praecipere.
1320 920 1445 963 Goth.
1479 917 1624 971 Camp-

174 999 394 1052 praecipue.
