1775 3091
171 266 248 306 124
603 263 708 318 Supp
714 262 872 303 lementa
900 265 1158 305 annotationis

165 379 270 418 linus
298 379 341 416 in
368 377 498 418 lexico
526 377 686 418 laudato
714 377 802 416 1000
829 374 1003 417 Senecae
1036 380 1148 432 epist.
1178 382 1229 421 58
1257 388 1348 420 ante
1371 380 1476 420 med.
1498 397 1590 434 pro-

163 447 256 484 bat:
297 444 387 484 Una
402 447 554 498 syllaba
585 452 660 493 est,
699 458 821 498 quam
847 454 1001 485 mutare
1024 461 1106 485 non
1125 461 1296 499 possum.
1356 446 1473 499 Quae
1491 449 1592 490 haec

162 515 232 560 sit,
271 511 460 566 quaeris?
497 509 543 551 τὸ
575 509 653 561 ὄπι]
768 510 1016 553 demonstrat.
1077 513 1306 554 demonstret
1336 514 1476 569 Camp.

275 582 311 630 §.
345 585 408 621 15.
467 577 650 618 incident.
709 576 770 618 Ita
807 578 941 621 Turio.
971 579 1078 621 Flor.
1112 579 1237 622 Amb.
1272 588 1312 623 2.
1343 581 1466 623 Paris.
1489 587 1526 623 1.
1546 589 1588 624 2.

161 652 200 688 3.
234 647 397 701 Camp.;
437 645 613 686 incidunt
635 647 754 699 primi
784 646 977 687 dederunt
1005 647 1103 689 Sich
1131 648 1290 702 Colin.;
1338 652 1428 690 fort.
1460 659 1517 690 est
1545 653 1591 690 iu

159 714 288 755 Amb.
309 721 346 754 1.
449 715 490 753 in
517 729 607 767 qua.
669 716 710 751 in
736 729 852 767 quam
881 714 1006 755 Amb.
1030 720 1067 755 1.
1176 716 1281 757 laud.
1315 728 1383 756 aut
1411 719 1479 758 vit.
1526 716 1589 758 Ita

161 781 299 835 Camp.
358 779 463 820 laud.
507 796 555 820 ac
593 782 660 820 vit.
702 783 822 819 efiam
861 779 986 821 Amb.
1020 787 1057 821 1.
1101 781 1225 823 Paris.
1259 788 1296 824 1.
1323 790 1361 825 2.
1393 788 1431 825 5.
1490 788 1587 833 vit.,
1661 796 1663 798 '

157 849 268 890 suad.
318 846 378 887 Ita
388 878 405 895 ‚⁷
432 863 510 888 om.
542 858 609 887 aut
637 850 759 887 etiam
785 847 889 887 Flor.
917 848 1039 891 Paris.
1063 855 1098 889 1.
1120 856 1158 890 2.
1181 856 1218 890 3.
1240 849 1364 890 Amb.
1385 857 1424 892 2.
1448 850 1586 905 Camp.

157 916 258 958 Obr.
297 917 387 955 fort.
424 913 552 956 Amb.
585 919 622 955 1.
738 925 805 954 aut
841 914 1014 956 dissuad.
1074 933 1122 956 ac
1161 917 1260 958 diss.
1300 920 1422 957 etiam
1450 917 1585 958 Turio.

155 987 295 1036 Camp.
407 985 588 1022 minuere.
647 981 855 1022 diminuere
893 980 1013 1022 Goth.
1053 983 1169 1025 Voss.
1204 991 1245 1026 2.
1287 1000 1380 1025 cum
1408 984 1515 1025 Jens.
1549 994 1588 1025 et

151 1061 252 1105 post.
290 1059 381 1090 ante
411 1048 586 1104 Gryph.‚
629 1065 716 1089 exc.
747 1048 858 1090 Sich.
975 1052 1302 1105 componendisve.
1361 1067 1589 1106 componen-

152 1121 286 1174 disque
316 1117 438 1159 Goth.
471 1117 586 1157 Voss.
611 1122 648 1157 1.
681 1117 774 1170 (hic
802 1118 960 1157 videtur
989 1134 1096 1157 error
1122 1118 1263 1159 Burm.
1301 1134 1372 1172 pro
1401 1118 1517 1159 Voss.
1542 1125 1583 1160 2.

151 1190 201 1228 cf.
229 1186 359 1227 Praef.
393 1188 441 1236 ej.
472 1199 561 1239 pag.
585 1184 639 1236 5)
678 1199 770 1224 cum
807 1183 914 1224 Jeus.
956 1194 994 1224 et
1022 1195 1121 1239 post.
1152 1195 1245 1226 ante
1274 1184 1454 1239 Gryph.,
1497 1201 1583 1226 exc.

149 1254 248 1298 A-ld.
278 1253 390 1294 Sich.

262 1322 297 1373 §.
332 1325 397 1360 16.
452 1319 515 1359 Ne
552 1319 628 1358 his.
687 1335 732 1358 ne
768 1320 817 1358 iis
855 1317 978 1360 Goth.
1015 1334 1108 1358 cum
1143 1318 1252 1360 Jens.
1293 1327 1332 1359 et
1359 1327 1460 1372 post.
1493 1329 1584 1361 ante

149 1390 262 1431 Sich
377 1386 483 1428 laud.
512 1410 568 1418 -—-
597 1385 710 1426 delib.
768 1386 879 1426 Haec
907 1389 963 1426 ita
996 1389 1162 1439 Camp.:
1204 1385 1462 1426 laudationem
1488 1398 1582 1426 mat.

148 1458 412 1505 honestarum,
452 1453 742 1493 deliberativum
782 1451 887 1505 (hoc
926 1456 1116 1493 ultimum
1152 1468 1242 1492 cum
1272 1451 1429 1506 Flor.),
1468 1456 1583 1493 nullo

146 1539 277 1564 sensu.
391 1531 623 1561 tractantur.
680 1529 874 1559 tractatur
904 1521 1000 1559 dant
1029 1524 1149 1559 etiam
1176 1519 1283 1561 Flor.
1314 1519 1440 1560 Amb.
1475 1527 1512 1560 1.
1539 1527 1579 1561 2.

146 1591 271 1632 Paris.
298 1595 336 1629 1.
358 1594 398 1630 2.
419 1592 457 1629 5.
491 1587 633 1640 Camp.
749 1587 939 1627 honestas.
989 1587 1146 1626 honesta
1166 1589 1286 1626 etiam
1305 1586 1412 1626 Flor.
1438 1585 1578 1640 Camp.

146 1658 272 1699 Amb.
295 1662 334 1696 2.
443 1655 568 1709 judie.
601 1657 724 1693 invcn.
786 1656 863 1693 inv.
889 1653 972 1706 jud.
1004 1652 1126 1694 Goth.
1159 1670 1251 1693 cum
1278 1654 1385 1695 Jens.
1417 1664 1456 1694 et
1477 1663 1578 1707 post.

146 1736 238 1765 ante
269 1723 380 1763 Sich.
493 1720 645 1775 aliquid
674 1737 816 1760 corum.
873 1720 978 1761 Edd.
1008 1737 1109 1762 rece.
1138 1737 1160 1761 a
1189 1720 1341 1776 Gryph.
1373 1738 1498 1776 usque
1527 1723 1579 1761 ad

146 1791 256 1832 Gibs.
298 1790 433 1845 aliqua
474 1805 602 1828 corum
640 1787 756 1842 quid,
805 1788 916 1828 haud
947 1789 1064 1829 dubie
1094 1798 1229 1829 contra
1270 1790 1385 1830 codd.
1417 1804 1578 1843 omnes3

144 1862 186 1898 in
216 1862 358 1900 nostris
388 1865 493 1899 certe
521 1856 625 1896 nihil
655 1858 840 1896 variatus.

669 1977 936 2019 CAPUT
993 1976 1049 2017 V.

257 2056 465 2111 Inscriptio
484 2057 582 2096 haec
603 2059 645 2095 in
664 2055 798 2096 Turio.
824 2056 929 2095 Flor.
951 2054 1076 2095 Amb,
1097 2065 1266 2111 utroque
1291 2054 1424 2097 Guelf.
1451 2055 1572 2097 Goth.

143 2136 183 2166 et
220 2126 309 2164 edd.
351 2127 534 2164 omnibus
573 2131 725 2177 praeter
763 2121 901 2175 Camp.
942 2121 1040 2176 (qui
1077 2138 1274 2176 nusquam
1302 2126 1573 2176 mseriptiones

143 2192 236 2245 dat)
275 2191 374 2232 Obr.
417 2189 566 2232 Gesn.:
629 2190 774 2243 Quibus
812 2191 1051 2229 contineatur
1096 2192 1217 2229 omnis
1252 2187 1400 2246 (Goth.
1442 2193 1570 2231 omitt.

141 2259 291 2313 omnis)
321 2261 422 2299 ratio
452 2258 620 2298 dicendi,
1547 2256 1550 2259 ⁵

255 2331 291 2378 §.
325 2331 362 2366 1.
422 2341 477 2365 eoe
507 2328 554 2364 iis
582 2345 638 2355 -
667 2338 723 2363 ex
753 2325 814 2362 iis.
863 2320 925 2361 Ita
954 2321 1089 2362 Turio.
1136 2337 1191 2361 ex
1209 2322 1270 2362 lzis
1298 2332 1465 2378 utroque
1483 2326 1570 2363 loco

141 2395 286 2433 retinet
314 2392 438 2433 Amb.
463 2398 528 2444 1.;
567 2395 717 2446 primus
745 2393 801 2429 ita
830 2390 954 2428 edjdjt
982 2389 1092 2429 Sich.
1208 2401 1387 2443 quartam
1403 2401 1567 2444 partem.

137 2471 244 2514 part.
278 2470 406 2513 quart.
437 2459 572 2500 Turio.
603 2462 711 2500 Flor.
740 2455 866 2497 Amb.
891 2461 926 2496 1.
960 2455 1080 2497 Goth.
1109 2454 1242 2497 Guelf.
1359 2457 1439 2511 adj.
1461 2457 1569 2511 quid.

139 2526 246 2581 quid.
279 2526 357 2578 adj.
393 2526 533 2581 Calnp.

251 2596 286 2644 §.
322 2599 362 2633 2.
422 2597 526 2634 item.
588 2604 711 2634 autem
741 2600 799 2631 est
824 2593 943 2630 etiam
972 2593 1015 2630 in
1044 2590 1179 2632 Turio.
1211 2607 1233 2631 a
1251 2607 1326 2631 sec.
1347 2606 1400 2631 m.
1425 2589 1563 2642 Camp.

138 2659 261 2699 Paris.
292 2665 332 2699 2.
376 2668 416 2699 et
451 2661 567 2701 Voss.
596 2668 662 2713 2.;
711 2667 911 2712 receptam
947 2661 1095 2710 prImus
1137 2659 1245 2698 dedit
1282 2658 1416 2708 Sich.,
1463 2671 1566 2711 quae

138 2729 331 2780 reperitur
368 2730 412 2765 'm
453 2727 576 2768 Paris.
613 2734 651 2768 1.
686 2731 725 2768 5.
845 2724 989 2764 debeat.
1047 2723 1109 2764 Ita
1151 2725 1256 2765 Flor.
1296 2724 1421 2765 Amb.
1452 2729 1490 2764 1.
1524 2729 1564 2765 2.
