1775 3091
390 227 442 265 ml
474 225 635 277 Quintil.
665 224 797 263 Ῑηειίι.
831 223 906 271 VI,
943 230 978 263 ,1.
1011 223 1046 273 §-
1073 226 1273 263 ·15-25.
1476 227 1554 261 313

112 341 249 395 Camp.
271 339 488 380 reverenda.
573 356 668 393 pars
690 338 797 378 haec.
848 337 958 378 Sich.
981 352 1154 394 quoque.
1237 334 1426 390 judicum.
1468 333 1557 375 Tu-

114 414 181 450 ric.
203 410 308 449 Flor.
329 424 350 448 a
371 424 431 463 pr.
452 423 508 448 m.
528 407 730 460 judicium.

222 502 259 552 ξ.
290 505 358 540 23.
409 500 523 555 flecti
541 514 630 537 non.
677 495 805 537 Amb.
832 501 870 536 1.
900 493 1007 535 Flor.
1039 494 1179 549 Camp.
1208 493 1294 552 ms:
1408 505 1474 533 aut
1503 510 1557 534 ex

111 570 174 608 iis.
211 566 340 607 Ajnb.
365 572 404 607 1.
435 566 546 606 Sich.
579 580 741 620 quoque
771 580 807 604 α.
837 579 891 602 em
919 564 992 603 his.
1099 574 1166 602 ant
1187 576 1241 602 σα·
1261 565 1325 604 iis.
1373 560 1493 603 Amb.
1519 567 1556 601 1.

114 635 222 675 Flor.
242 633 354 675 Sich.
376 649 534 688 quoque
559 643 625 671 aut
643 632 716 672 his.
800 648 897 686 quae
919 648 1003 670 cum
1021 647 1132 671 τηατ.
1174 630 1283 671 Flor.
1305 629 1415 671 Sich.
1438 633 1560 668 etiam

113 718 211 756 quae
230 718 344 756 quam
364 718 416 741 m.
463 700 589 741 Amb.
616 706 651 740 1.
680 716 713 754 q.
744 715 859 755 quam
891 716 977 739 cum
1001 717 1054 740 m.
1172 709 1239 738 aut
1261 713 1315 737 cm
1334 699 1396 737 iis.
1427 696 1558 738 'Sich.

111 785 274 826 quoque
296 780 362 809 aut
382 768 454 810 his.
545 778 580 807 ct
600 770 699 823 ipsa.
753 766 889 808 Guelf.
913 784 967 807 cx
988 770 1016 808 i.
1112 766 1186 810 illi.
1234 764 1342 810 Flor.
1365 764 1446 804 illa.

225 862 262 913 §.
293 861 362 901 24.
421 861 461 898 in
478 857 549 899 his.
592 856 715 899 Goth.
743 851 922 899 Jens.'et
944 858 1032 898 edd.
1056 866 1148 897 ante
1171 855 1287 897 Stoer
1307 871 1442 906 meae,
1474 870 1561 895 exc.

114 926 239 979 Sich.,
261 931 301 967 in
320 930 381 968 iis.
480 929 596 966 etiam
617 929 708 981 ipse.
758 925 826 966 Sic
848 929 969 966 etiam
986 923 1111 964 Amb.
1134 930 1172 964 1.
1195 922 1229 964 F
1232 928 1304 964 lor.
1403 933 1451 962 tc.
1493 921 1562 962 Sic

113 999 236 1035 etiam
266 994 392 1035 Amb.
415 1000 452 1035 1.
488 993 600 1035 Flor.
713 1005 768 1034 iu.
817 993 944 1034 Amb.
982 999 1018 1033 1.
1055 1008 1217 1048 quoque
1252 1002 1344 1046 ium.
1456 1001 1497 1029 -ie
1523 992 1564 1028 in

110 1065 261 1117 patria„
320 1061 441 1103 Amb.
473 1067 511 1102 1.
537 1058 653 1103 'Flor.
695 1077 855 1117 quoque
886 1072 915 1101 t.
945 1064 972 1101 i.
1003 1063 1193 1114 patriam.
1310 1074 1385 1098 non
1411 1069 1562 1112 potero.

113 1129 237 1170 Amb.
264 1136 301 1171 1.
333 1129 441 1171 Flor.
469 1144 631 1186 quoque
661 1133 862 1170 omitttmt.
975 1129 1238 1182 IVIaoeimeque
1265 1129 1313 1167 si.
1344 1159 1346 1161 -
1369 1123 1492 1166 Amb.
1526 1131 1563 1181 1„

112 1201 294 1237 maxime
315 1215 426 1252 quae.
474 1197 509 1238 F
510 1201 585 1239 lor.
603 1200 781 1238 maxime
802 1199 987 1252 quaesivi.
1075 1198 1314 1237 conveniunt.
1354 1192 1422 1235 Sic
1445 1196 1566 1234 etiam

112 1263 234 1305 'Amb.
259 1265 297 1306 1.
333 1264 442 1306 Flor.

228 1357 263 1408 ξ.
294 1360 361 1398 25.
422 1359 524 1411 quis.
573 1354 683 1396 Flor.
707 1354 846 1410 Camp.
867 1359 942 1411 qui.
1017 1355 1168 1412 ferret.
1212 1351 1338 1395 Goth.
1352 1351 1478 1408 feret.

116 1427 360 1478 oportuisset.
407 1423 535 1464 Amb.
562 1429 599 1463 1.
622 1423 759 1464 Turio.
784 1440 806 1463 a
826 1440 885 1477 pr.
907 1439 962 1463 m.
986 1426 1214 1477 oportuisse.
1314 1419 1392 1460 ille.
1439 1418 1566 1459 Amb.

120 1496 156 1531 1.
178 1491 260 1540 illi,
304 1495 405 1531 sicut
423 1490 630 1544 Spalding.
656 1500 761 1530 recte
786 1507 880 1531 sane
911 1494 1104 1531 voluerat.
1209 1492 1310 1544 ipsa.
1358 1487 1425 1529 Sic
1447 1490 1568 1527 etiam

115 1557 244 1607 Amb.
271 1564 308 1606 1,.
332 1557 442 1599 Flor.
543 1561 684 1614 fictae.
729 1558 865 1598 Etiam
882 1557 1003 1600 Amb,
1029 1564 1067 1599 1.
1073 1557 1235 1616 factae.
1353 1556 1570 1596 alienarum

113 1643 379 1680 personarum.
426 1626 563 1667 Turio.
584 1630 702 1666 inse‘r.
720 1644 802 1680 per.
824 1666 848 1670 ,,
909 1627 1041 1666 decent
1059 1626 1123 1665 vel
1139 1637 1362 1681 patronum.
1413 1624 1504 1664 Par.
1530 1629 1566 1663 1.

118 1700 158 1735 2.
177 1698 304 1741 omitn
329 1693 401 1734 υεΖ.
453 1693 577 1733 Aan.
602 1699 639 1734 1.
678 1692 812 1743 Flor.,
863 1703 1032 1748 uterque
1066 1709 1089 1732 a
1109 1708 1168 1745 pr.
1189 1708 1243 1732 m.
1259 1723 1270 1743 ‚
1323 1691 1421 1730 dicit
1446 1702 1567 1745 patra,

119 1776 143 1800 a
172 1776 251 1801 seo.
279 1777 335 1800 m.
368 1760 475 1800 decet
491 1778 533 1815 p.
630 1760 784 1800 Mutae.
831 1759 952 1800 Amb.
977 1766 1013 1800 1.
1038 1775 1200 1815 quoque
1232 1768 1271 1798 et
1299 1757 1409 1798 Flor.
1440 1774 1462 1797 a
1489 1774 1567 1798 sec.

120 1843 176 1867 m.
215 1828 361 1879 nudae,
409 1843 431 1867 a
457 1843 515 1881 pr.
545 1842 600 1868 m.
642 1843 734 1868 cum
769 1827 859 1869 Par.
893 1834 927 1868 1.
958 1828 1068 1869 unde.
1185 1838 1324 1866 tamen.
1369 1825 1495 1866 Amb.
1529 1830 1567 1866 1.

120 1894 230 1936 Flor.
252 1911 274 1934 a
292 1911 368 1935 sec.
389 1911 444 1935 m.
467 1906 628 1936 tantum.
718 1912 803 1936 cum
823 1898 921 1951 ipsis
938 1919 994 1928 —-·
1012 1895 1333 1951 loquifingimus.
1379 1892 1505 1934 Amb.
1528 1898 1569 1933 1.

122 1962 232 2009 Flor.
253 1980 337 2002 cum
359 1966 462 2017 ipsos
484 1962 591 2017 loqui
603 1965 809 2019 fingimus.

233 2029 384 2084 [Quod
397 2030 532 2084 Spald.
555 2035 746 2083 conjecit:
771 2031 900 2087 qualis
921 2030 1101 2085 litigator
1121 2041 1176 2072 est
1195 2030 1334 2071 docens
1350 2040 1572 2086 patronum,

122 2102 254 2139 minus
282 2099 440 2138 videtur
473 2102 686 2138 convenire
719 2115 841 2154 quam
871 2103 979 2152 vulg.
1000 2103 1142 2151 lectio,
1181 2102 1225 2138 in
1247 2114 1325 2153 qua
1343 2102 1428 2138 sine
1448 2099 1570 2138 dubio

122 2166 185 2206 vel
205 2167 252 2206 de
276 2169 501 2216 conjectura
525 2168 706 2206 additum
731 2176 799 2206 est.
856 2166 960 2208 Nam
979 2177 1084 2211 recte
1111 2165 1390 2219 Quintilianus
1419 2168 1572 2219 signifi-

124 2243 187 2274 cat
215 2244 297 2274 esse
329 2235 491 2288 aliquod
527 2238 903 2288 prosopopoeiarum
931 2251 1076 2290 genus,
1116 2235 1225 2290 quod
1254 2240 1415 2288 poetam
1445 2236 1572 2286 magis

126 2317 254 2356 quam
269 2311 464 2341 oratorem
485 2296 634 2343 deceat.
671 2301 732 2342 .Iu
751 2306 873 2342 altero
894 2306 982 2343 loco
1006 2303 1213 2343 tractando
1226 2301 1365 2356 Spald.
1388 2302 1571 2353 cupidius

127 2370 286 2409 videtur
312 2384 473 2422 negasse
516 2380 679 2409 mutas
717 2386 776 2408 res
805 2372 899 2415 ferri
934 2386 1072 2424 posse,
1121 2385 1219 2409 nam
1248 2370 1389 2409 eadem
1417 2370 1571 2407 ratione

126 2440 247 2492 paulo
278 2447 365 2491 post
393 2440 508 2490 §.32
539 2441 659 2476 etiam
702 2448 887 2478 mutam
925 2440 1090 2495 effigiem
1120 2439 1168 2477 de
1197 2453 1260 2485 re,
1303 2451 1405 2491 quae
1437 2438 1574 2474 anima

128 2514 260 2546 careat
273 2537 284 2556 ,
325 2506 403 2545 diei
422 2508 501 2555 jam
521 2503 669 2545 Censor
691 2504 811 2544 huius
831 2506 1014 2546 editionis
1031 2510 1075 2545 in
1095 2504 1271 2559 Aflgem.
1292 2502 1374 2543 Lit.
1397 2502 1574 2556 Zeitung

132 2575 239 2614 1804
256 2589 295 2626 p.
313 2578 391 2613 155
415 2573 600 2612 ostendit.
659 2570 774 2611 Idem
795 2572 917 2613 homo
938 2574 1073 2614 doctus
1096 2589 1167 2627 pro
1189 2584 1317 2612 tamen
1345 2573 1424 2623 legi
1445 2573 1574 2611 voluit

133 2645 269 2689 ctiam,
314 2641 422 2696 quod
442 2655 523 2679 non
555 2641 754 2692 displicet,
785 2642 840 2680 ita
869 2650 1002 2680 tamen
1031 2650 1076 2681 ut
1108 2644 1228 2689 etiam
1250 2647 1424 2689 tantum,
1463 2638 1573 2692 quod

132 2711 222 2748 libri
249 2723 342 2749 mss.
372 2709 584 2759 exhibent,
636 2715 773 2761 aptum
804 2709 998 2751 videatur.
1071 2708 1259 2751 Ceterum
1295 2707 1404 2761 quod
1432 2704 1571 2761 Spald.
