1775 3091
409 233 463 275 ml
495 233 657 288 Quintil.
688 233 814 274 Instit.
846 233 971 289 P'III,
1003 239 1042 278 6.
1080 238 1116 287 §·
1144 241 1342 282 37—-57-
1512 246 1593 285 387

154 347 297 402 aliquis
326 356 480 401 poterat
509 349 559 387 ad
588 349 718 388 simile
745 349 909 388 verbum
936 363 1074 389 cancre
1101 353 1166 392 vel
1190 364 1350 393 cantare
1366 356 1589 397 transferre.

237 414 366 456 modo.
416 413 539 456 Amb.
565 421 603 456 1.
623 431 712 455 eam
733 429 872 456 vocem
892 430 976 456 nou
996 416 1138 473 habet,
1166 434 1242 462 nec
1262 421 1378 463 video
1401 438 1472 463 cur
1495 438 1594 464 con-

154 490 212 521 tra
232 486 506 523 auctoritatem
524 486 717 522 librorum
736 491 925 523 servetur.

266 563 303 614 §.
334 563 400 602 40.
461 563 662 601 convenire
698 561 828 601 verbo.
897 560 1032 603 Etiam
1071 562 1193 607 Amb.
1229 571 1267 608 1.
1309 568 1498 621 interjicit
1534 568 1590 612 ἰίῖ.

152 625 266 668 Idem
288 639 327 669 et
345 628 468 669 Paris.
495 634 528 668 1.
548 634 589 669 2.
611 636 700 682 post
721 628 815 668 albi.

918 693 937 712 0

263 730 401 782 §.41-
457 739 648 770 oneretur.
694 726 815 771 Aan.
837 735 875 772 1.
901 720 1066 775 rse‘retur.

265 810 301 859 §.
332 809 401 849 42.
460 819 502 848 ut
521 811 575 849 in.
623 806 745 848 Amb.
769 814 805 850 1.
827 811 899 849 uti.
1007 809 1176 865 judices.
1225 811 1350 857 Amb.
1372 820 1410 858 1.
1434 817 1593 873 jungas.

237 874 385 930 quoque
405 878 445 916 ἰιι
464 893 538 931 quo
569 886 605 915 et
625 892 727 916 num.
776 875 903 918 Amb.
926 883 959 918 1.
990 881 1056 933 qui
1077 890 1114 918 et
1135 897 1237 922 num.

267 958 304 1005 §.
337 956 405 996 43.
430 984 438 987 ψ
465 966 505 994 ut
531 954 575 994 ι’(ἰ
593 955 709 1009 quod.
757 954 883 997 Amb.
907 962 943 997 1.
965 957 1034 997 scd
1054 974 1139 998 cum
1161 958 1222 1007 id,
1264 968 1305 999 et
1329 970 1418 1014 post
1443 964 1599 1019 signifi-

156 1032 220 1060 cat
248 1034 281 1061 et
298 1022 428 1080 facit.
478 1022 601 1064 Paris.
625 1028 661 1063 1.
692 1039 842 1064 necesse
869 1035 923 1063 est
955 1041 1124 1081 semper,
1160 1026 1228 1065 secl
1249 1028 1453 1068 cumidem
1477 1045 1601 1085 appo-

157 1091 292 1139 situm,
336 1094 372 1130 si
401 1108 425 1130 a.
455 1093 617 1146 proprio
651 1090 851 1139 diviseris,
901 1095 1101 1148 s'ignt‘ficat
1130 1105 1165 1132 et
1188 1093 1310 1150 facit.
1424 1097 1544 1140 Num.
1566 1110 1602 1139 et

160 1156 291 1196 Carth.
337 1157 462 1199 Amb.
492 1164 529 1198 1.
559 1158 677 1198 Num.
702 1159 848 1200 Karth.
871 1163 956 1200 sine
977 1164 1270 1213 conjunctione.

271 1227 305 1277 ξ.
327 1227 396 1266 44.
429 1243 503 1266 ηοη
525 1229 622 1266 item
641 1229 688 1266 ab
709 1225 835 1267 Amb.
851 1233 887 1268 1.
910 1231 1030 1269 abest.
1115 1229 1176 1269 At
1197 1227 1287 1270 ἀλλ.
1313 1247 1442 1285 quam.
1474 1231 1602 1275 Aan.

159 1297 197 1333 1.
223 1293 275 1333 acl
298 1293 530 1347 allegoriam
559 1294 672 1348 quod.
789 1297 949 1350 interpr.
967 1295 1102 1337 uliud.
1150 1295 1276 1337 Aan.
1299 1303 1337 1338 1.
1370 1301 1604 1354 interpreta-

157 1371 220 1399 tur
241 1372 274 1399 ct
307 1361 437 1414 (prius
461 1361 528 1415 ut)
555 1361 678 1401 aliud.
794 1365 925 1402 etiam.
970 1360 1019 1401 In
1036 1362 1162 1404 Amb.
1194 1370 1232 1404 1.
1257 1373 1314 1404 est
1333 1370 1360 1403 zi
1379 1369 1498 1406 etiam
1519 1370 1546 1408 i.
1566 1383 1602 1409 e.

158 1439 237 1469 aut.
295 1428 360 1470 Ex
384 1445 463 1485 quo
485 1438 607 1483 patet,
643 1428 869 1483 Spaldingii
891 1432 1160 1480 conjecturam
1180 1446 1319 1471 veram
1339 1448 1437 1474 esse.

155 1497 272 1537 Prius
297 1508 351 1536 ut.
398 1495 523 1536 Amb.
550 1502 587 1536 1.
618 1498 745 1535 multa
775 1497 885 1536 addit
913 1498 994 1536 sic:
1040 1496 1158 1537 Prius
1170 1500 1229 1553 fit
1245 1515 1366 1552 genus
1382 1499 1607 1558 plerumque

157 1566 391 1605 continuatis
434 1562 779 1614 translationibus,
826 1573 882 1605 ut.
1005 1567 1203 1621 fluctuum
1234 1577 1349 1623 temp.
1405 1565 1530 1610 Amb.
1567 1574 1605 1610 1·

148 1635 296 1690 fluctus
325 1643 360 1670 et
389 1643 642 1686 tempestates.

272 1701 308 1751 ξ.
339 1701 407 1738 46.
466 1697 711 1738 Menalcam.
759 1696 880 1736 Amb.
914 1702 953 1737 1.
983 1696 1215 1739 Menalcan.

273 1767 310 1815 §.
342 1767 410 1806 47.
471 1768 569 1803 enim
589 1781 813 1819 querorque.
863 1761 986 1804 Amb.
1011 1768 1049 1804 1.
1082 1764 1156 1805 hoc
1178 1781 1328 1821 queror.
1386 1765 1436 1807 Iu
1464 1769 1606 1810 eodem

158 1849 243 1874 nou
263 1836 408 1886 legitur
429 1832 575 1880 verbis,
618 1833 841 1872 commode.

273 1905 309 1953 §.
343 1904 410 1941 50.
469 1916 494 1938 α
515 1910 628 1954 temp.
675 1898 802 1939 Amb.
826 1904 863 1939 1.
886 1909 1159 1954 tempestatem.

278 1970 314 2021 §.
348 1972 415 2008 51.
476 1977 598 2007 erunt.
632 1970 754 2007 etiam
780 1966 903 2007 Paris.
936 1972 974 2007 1.
1005 1965 1129 2008 Amb.
1164 1971 1201 2007 1.
1260 1964 1375 2008 Idem
1404 1969 1439 2022 §.
1475 1974 1543 2012 52.
1572 1972 1610 2012 si

157 2053 254 2094 prae
273 2052 345 2075 non
369 2035 492 2076 (licta.

278 2106 313 2156 ᾧ.
345 2108 411 2143 53.
471 2119 540 2142 nec
559 2120 604 2142 ea
626 2104 716 2143 nisi.
769 2102 894 2142 Amb.
921 2107 957 2143 1.
984 2118 1059 2140 non
1084 2112 1118 2141 et
1137 2112 1264 2142 cetera
1282 2105 1331 2143 si.

276 2174 311 2221 §.
347 2175 413 2212 55.
471 2168 564 2225 quid
595 2169 641 2208 cle
669 2188 759 2225 quo.
806 2170 932 2210 Aan.
958 2175 994 2210 1.
1025 2168 1119 2224 quid
1150 2168 1197 2207 de
1228 2186 1301 2224 quo
1324 2186 1410 2225 quo.
1471 2169 1609 2213 Scribe

163 2256 312 2294 quoque
342 2253 461 2277 sensu
489 2240 680 2290 relativo,
722 2253 801 2293 quo
828 2239 871 2277 id
900 2251 1124 2290 pronomen
1151 2239 1326 2276 maxime
1346 2240 1522 2289 ponitur.

165 2307 294 2348 laudis
321 2305 448 2346 simul.
495 2304 621 2345 Aan.
646 2310 683 2346 1.
713 2305 842 2345 laudis
872 2315 997 2344 autem
1029 2303 1158 2343 simul.
1244 2303 1382 2344 Verba
1413 2305 1610 2359 quale‘est

166 2377 309 2415 desunt
349 2377 393 2412 in
429 2372 554 2413 Amb.
585 2378 623 2413 1.
740 2375 781 2412 in
818 2390 860 2413 eo
901 2371 1047 2412 codice.
1118 2370 1256 2411 Media
1293 2386 1375 2411 vox
1414 2375 1523 2413 abest
1560 2377 1610 2415 ab

164 2442 289 2482 Amb.
323 2446 360 2481 1.

280 2510 315 2561 §.
348 2513 416 2549 56.
474 2505 805 2561 quemadmodum.
842 2505 967 2546 Amb.
992 2511 1028 2547 1.
1056 2506 1127 2546 sed
1148 2519 1200 2546 ex
1222 2515 1386 2547 correct.
1407 2507 1521 2561 quale
1538 2518 1609 2550 est.

280 2578 316 2629 §.
352 2580 420 2616 57.
478 2585 545 2614 aut
577 2575 696 2614 bonae
728 2576 784 2613 rei
808 2576 945 2627 gratia
965 2573 1171 2628 quaedam.
1216 2571 1344 2614 Amb.
1369 2578 1407 2614 1.
1429 2576 1510 2615 sic:
1541 2586 1611 2616 aut

169 2646 292 2686 honae
311 2646 367 2683 rei
382 2645 519 2696 gratia
540 2653 606 2682 aut
627 2641 815 2697 quaedam
835 2643 1045 2682 contrariis
1064 2641 1324 2695 signfficemus
1335 2669 1349 2691 ,
1380 2640 1498 2681 ‘aliud
1516 2652 1611 2684 tex-

169 2722 250 2753 tum
275 2722 455 2767 spectaco
487 2714 525 2750 ei
555 2711 868 2751 enumeravimus.

1020 2772 1153 2816 Bb2
