1775 3091
295 225 347 266 cul
379 225 538 278 Quintil.
570 224 696 265 Instit.
719 223 774 274 Π,
807 232 843 265 9.
877 225 1072 274 §.1—3.
1130 228 1194 262 10.
1217 224 1250 275 ξ.
1277 228 1440 265 1—10.
1532 230 1584 267 89

238 351 303 391 ut,
331 342 366 380 si
378 341 474 393 jam.
536 356 584 380 ac
613 342 648 379 si
670 341 755 394 jam
784 339 934 393 prlmus
965 338 1072 378 dedit
1092 335 1202 378 Sich.
1219 369 1230 388 ,
1263 346 1302 377 et
1320 353 1412 377 eum
1429 349 1584 380 secutus

160 407 292 449 folin.
349 407 510 449 Pottier.
536 424 584 448 ac
601 411 640 446 si
667 411 709 446 in
733 406 853 448 Paris.
876 411 914 447 5.
931 438 942 457 ‚
980 417 1021 445 ut
1050 407 1084 445 si
1110 409 1152 444 in
1172 404 1295 446 Paris.
1321 411 1358 446 1.
1382 412 1421 446 2.
1446 412 1482 447 3.
1508 410 1587 460 legi

155 479 322 517 notavit.
439 475 650 531 aliquando
681 490 760 516 om.
790 474 898 517 Flor.
935 489 957 513 a
985 490 1044 528 pr.
1075 488 1130 513 m.
1242 473 1470 515 tenuandas.
1527 472 1588 514 Ita

155 542 263 584 Flor.
285 559 307 584 a
325 559 402 584 sec.
423 559 478 584 111.
508 543 634 584 Amb.
650 548 684 583 1.
704 542 827 584 Paris.
852 544 891 583 4.
951 541 1161 581 tenuanclos
1179 543 1299 581 etiam
1318 540 1458 595 Camp.
1480 541 1586 583 Flor.

157 626 181 650 a
200 627 257 664 pr.
280 627 334 652 m.
363 627 455 651 cum
483 611 601 651 Voss.
625 627 702 651 sec.
731 620 769 650 et
798 609 921 651 Paris.
949 615 985 650 1.
1006 615 1046 650 2.
1070 614 1107 649 3.
1138 608 1244 649 JenS.
1270 618 1309 649 et
1332 619 1475 663 poster.
1500 620 1590 651 ante

158 677 288 719 Stoer.
348 679 456 719 Vide
482 677 596 719 Conr.
616 678 840 719 Schneider.
868 678 998 718 Elem.
1024 675 1144 730 Ling.
1174 675 1265 717 Lat.
1288 693 1328 731 p.
1352 682 1430 719 123
1448 693 1506 733 sq.

272 748 308 798 §.
338 752 383 788 7.
439 749 567 801 primo
603 771 660 777 —-—
700 746 1009 802 deprehendetur.
1078 744 1180 786 Obr.
1216 747 1365 800 primos
1401 761 1435 787 ο.
1475 762 1512 786 υ.
1555 763 1591 787 ο.

158 825 320 854 conatus
349 814 529 869 deprimit
559 830 650 854 cum
672 813 808 855 Turio.
845 829 867 854 a
892 830 968 854 sec.
992 829 1047 854 m.
1082 813 1215 868 (prius
1237 823 1320 853 erat
1345 824 1507 864 conatur
1527 813 1595 853 cle-

156 881 387 935 prelzentur,·
422 892 557 922 utrum
578 885 705 937 primo
724 897 773 921 an
791 885 940 937 primos
959 882 1104 922 habeat
1119 914 1129 932 ,
1158 897 1242 922 11011
1262 881 1447 936 memor.)
1473 881 1592 922 Bodl.

158 947 274 988 Alm.
306 949 388 1003 (ex
415 950 635 1004 his‘ssprimo
664 953 783 989 refert
810 949 975 1002 Burm.3
1016 952 1059 988 in
1088 948 1207 989 Bodl.
1231 959 1335 989 certe
1359 950 1466 1003 apud
1484 947 1593 990 Gibs.

160 1024 219 1055 est
241 1016 416 1072 primos)
459 1016 599 1071 Camp.
669 1028 831 1058 conatur
867 1018 934 1057 dat
969 1020 1090 1056 etiam
1122 1016 1255 1069 Flor.3
1304 1017 1374 1056 secl
1401 1015 1526 1058 Amb.
1558 1023 1596 1059 1.

161 1091 296 1123 tuetur
324 1094 535 1137 receptam.
652 1089 844 1138 cujusque.
904 1086 1158 1138 cujuscunque
1197 1083 1321 1137 (oum
1353 1099 1444 1125 mss.
1477 1084 1596 1126 Bodl.

161 1150 277 1191 Alm.
298 1150 420 1190 ParLs.
446 1150 514 1204 5.)
545 1153 667 1190 etiam
687 1151 787 1192 Obr.
806 1183 815 1201 ‚
864 1165 947 1189 non
970 1152 1099 1190 addic.
1128 1150 1255 1190 Aan.
1279 1156 1316 1190 1.
1432 1156 1598 1193 omnino.

163 1220 270 1256 omni
297 1217 411 1257 modo
446 1216 550 1258 Flor.
582 1217 699 1258 Bodl.
734 1216 824 1257 Bal.
858 1215 990 1258 Guelf'.
1025 1216 1150 1257 Amb.
1179 1223 1219 1257 2.
1247 1216 1363 1258 Voss.
1386 1223 1425 1259 3.
1459 1218 1598 1274 Camp.

163 1283 266 1325 Obr.
289 1287 378 1325 fort.
401 1284 526 1325 Amb.
551 1290 587 1325 1.
648 1285 850 1326 omninodo
867 1284 1004 1326 Turio.
1117 1287 1148 1324 ii
1169 1284 1277 1341 profi
1329 1286 1372 1324 hi
1385 1303 1449 1341 pr.
1472 1286 1599 1328 Aan.

167 1357 206 1391 1.
237 1351 346 1393 Jens.
368 1351 488 1393 Tarv.
509 1351 608 1393 Loc.
629 1353 736 1393 Ven.
758 1352 870 1393 Sich.
929 1356 960 1392 ii
990 1367 1070 1392 om.
1099 1351 1224 1392 Amb.
1251 1358 1290 1393 2.
1310 1352 1428 1394 Voss.
1451 1360 1488 1395 3.

161 1419 272 1475 prqf]
293 1437 336 1459 rte
359 1431 434 1461 rat.
490 1420 771 1478 profectionem
792 1423 980 1461 rationem
1001 1419 1136 1460 Turio.
1168 1436 1190 1460 a
1218 1435 1277 1474 pr.
1309 1435 1390 1473 m.3
1431 1438 1507 1462 sec.
1532 1424 1602 1462 de-

164 1487 224 1526 dit
253 1487 431 1545 prqfecto
461 1504 606 1529 omnem
635 1499 735 1538 rau,
774 1498 818 1529 ut
842 1489 962 1529 habet
993 1487 1132 1542 Camp.
1249 1490 1406 1528 inventa
1431 1493 1494 1530 sit.
1554 1494 1606 1529 sit

165 1554 243 1594 inv.
274 1554 381 1597 Flor.

277 1628 312 1676 §.
347 1629 384 1666 8.
442 1636 669 1681 praeparat.
726 1636 967 1682 praeparant
995 1624 1136 1679 Camp.
1156 1627 1276 1665 male.

280 1696 315 1745 ξ.
351 1697 389 1734 9.
447 1696 547 1732 inter·
570 1693 746 1750 forense.
808 1698 907 1733 inter
942 1709 1020 1734 om.
1065 1693 1200 1734 Turio.
1320 1693 1445 1746 jOCOS.
1506 1695 1609 1746 jocis·

169 1759 296 1801 Amb.
322 1765 359 1801 1.
477 1778 575 1816 quae
594 1778 662 1802 nos
682 1762 891 1816 quamlibet
917 1779 988 1816 per
1016 1761 1099 1800 alia
1126 1762 1152 1799 i.
1176 1777 1209 1800 s.
1230 1776 1263 1800 e.
1285 1775 1413 1799 sumus
1430 1784 1485 1789 —
1504 1762 1610 1798 inve-

168 1831 291 1868 niunt.
350 1828 396 1868 οἶ)
428 1845 526 1883 quae
548 1827 648 1868 Ald.
681 1828 806 1880 Obr.,
844 1844 928 1868 non
949 1828 1078 1867 addic.
1107 1826 1233 1867 Amb.
1259 1832 1322 1878 1.‚
1354 1841 1487 1880 neque
1510 1829 1609 1878 ullo,

172 1905 371 1949 quantum
390 1897 531 1946 video,
559 1894 658 1937 Cod.
715 1906 875 1950 propter
905 1894 989 1934 alia
1016 1893 1116 1934 Ald.
1176 1884 1295 1932 simus
1323 1893 1461 1933 Turio.
1493 1893 1608 1934 Alm.

172 1959 296 2003 Goth.
321 1962 461 2017 Camp.
482 1962 589 2004 Jeus.
613 1973 652 2004 et
670 1972 770 2017 post.
796 1972 887 2003 ante
907 1962 1018 2004 Sich.
1033 1994 1043 2013 ‚
1084 1977 1164 2001 acc.
1189 1960 1289 2002 Obr.
1310 1963 1401 2001 fort.
1421 1960 1548 2002 Amb.
1571 1967 1609 2002 1.

170 2046 301 2069 sumus
328 2034 472 2070 retinet
505 2028 639 2072 Guelf.
698 2034 908 2070 invenimus
935 2030 1072 2071 Turio.
1100 2029 1205 2070 Flor.
1265 2031 1477 2068 invenimur
1495 2030 1611 2070 Alm.

174 2095 314 2151 Camp.
356 2097 476 2138 Tarv.
515 2098 624 2139 Ven.
667 2098 768 2140 Obr.
805 2102 894 2139 fort.
928 2097 1054 2139 Amb.
1088 2101 1125 2138 1.
1197 2099 1441 2135 inveniuntur
1478 2094 1612 2136 Guelf.

175 2166 401 2219 [inveniunt
418 2162 473 2205 {ta
489 2169 662 2220 positum
687 2176 743 2207 est
762 2176 807 2207 ut
829 2165 1111 2222 deprehendunt
1139 2163 1173 2216 I,
1194 2170 1234 2217 8,
1257 2170 1308 2206 21
1339 2173 1378 2204 et
1398 2167 1483 2204 aliis
1504 2167 1615 2203 locis.

178 2232 323 2285 Gesn.]

234 2295 236 2297 Ι
289 2303 325 2352 §.
359 2307 424 2342 10.
481 2300 696 2356 paululum.
753 2301 912 2357 paulum
946 2300 1071 2342 Aan.
1106 2305 1143 2340 1.
1169 2305 1207 2341 2.
1240 2298 1374 2341 Guelf.
1491 2297 1619 2338 incla-

176 2384 297 2408 mare.
358 2368 554 2408 inclinare
575 2378 631 2409 est
655 2379 790 2409 tamen
814 2374 857 2409 in
879 2370 1014 2411 Turio.
1048 2384 1069 2408 a
1088 2384 1166 2409 sec.
1187 2383 1242 2407 m.
1277 2368 1291 2421 (
1305 2371 1412 2421 prius
1445 2375 1528 2405 erat
1558 2368 1619 2403 in—

178 2434 366 2489 οἷίνηαιϊ)
397 2436 502 2477 Flor.
523 2436 662 2491 Camp.
684 2436 784 2478 Obr.
812 2441 903 2478 fort.
938 2437 1062 2478 Amb.
1087 2443 1123 2477 1.
1184 2435 1398 2475 inclamare
1427 2437 1471 2472 in
1494 2433 1618 2473 Paris.

180 2508 220 2543 1.
245 2508 282 2544 2.
306 2507 344 2543 3.
377 2506 456 2556 legi
480 2508 634 2544 notavit
660 2505 896 2557 Pottierius,
934 2515 1067 2546 tacens
1093 2506 1141 2544 de
1176 2504 1290 2543 codd.
1323 2504 1363 2541 4.
1400 2511 1439 2541 et
1466 2506 1504 2543 5.

181 2570 429 2623 voluptatem.
488 2571 633 2612 volunt.
667 2570 803 2612 Turio.
836 2572 942 2614 Flor.
973 2572 1091 2613 Bodl.
1123 2571 1269 2612 Joann.
1303 2569 1394 2610 Bal.
1422 2569 1547 2610 Amb.

184 2635 300 2677 Voss.
333 2642 369 2677 1.
405 2645 442 2677 2.
482 2636 603 2679 Beru.
634 2638 766 2681 Andr.
801 2638 900 2680 Ald.
1017 2639 1204 2684 debemus.
1264 2637 1393 2677 demus
1422 2636 1550 2679 Amb.

186 2720 276 2745 eum
301 2705 417 2746 Voss.
445 2710 480 2746 1.
503 2711 541 2746 3.

1583 2642 1606 2676 10
1580 2575 1605 2609 10
