1775 3091
240 252 321 291 413
689 248 962 306 Supplementoe
1000 252 1266 292 annotationis

352 367 389 417 §.
423 368 515 404 106.
574 362 784 403 dividendi.
823 362 913 403 Par.
941 370 977 404 1.
999 369 1037 404 2.
1060 363 1226 405 videndi.

355 434 390 484 ᾧ.
427 437 518 472 107.
577 448 691 484 quae.
731 430 798 471 Sic
816 429 907 471 Par.
928 437 965 472 2.
1024 434 1091 485 qui
1115 432 1203 472 Par.
1234 437 1271 471 1.
1388 435 1429 471 in
1460 430 1679 489 effectibus'z

243 497 312 539 Sic
330 499 417 538 Par.
440 506 478 538 2.
540 498 705 553 affectus
734 497 824 539 Par.
852 504 888 537 1.

356 569 392 616 §.
427 570 518 605 108.
577 565 744 620 quidem.
790 564 881 605 Par.
906 571 944 606 1.
964 572 1002 607 2.
1057 565 1174 621 quod.
1214 566 1341 608 Amb.
1362 572 1401 609 2.
1434 569 1594 608 omittit.

245 633 311 673 ille
329 644 375 671 et.
418 631 509 672 Par.
540 637 577 672 1.
599 639 641 673 2.
672 631 795 673 Amb.
818 638 857 673 2.
889 647 968 673 om.
991 633 1070 674 ille.

357 702 394 750 §.
431 705 522 741 109.
582 701 766 740 ubertate.
824 698 891 740 Sic
929 700 1017 741 Par.
1048 706 1085 741 2.
1136 714 1215 740 sec.
1246 716 1299 740 m.
1336 702 1492 741 ubertas
1518 701 1607 743 Par.
1641 708 1678 743 1.

243 769 367 811 Amb.
402 773 439 808 2.
554 769 668 808 vires.
731 766 798 808 Sic
826 766 915 808 Par.
950 772 989 808 2.
1019 783 1096 808 sec.
1123 783 1180 807 m.
1247 771 1408 808 virtutes
1444 769 1534 810 Par.
1570 776 1607 810 1.
1639 776 1677 810 6.

243 837 366 877 Amb.
396 841 435 875 2.

356 903 393 953 §.
424 907 518 942 110.
576 903 635 954 [et
657 919 755 943 cum.
796 902 995 943 Probabili
1015 905 1239 953 conjectura
1261 913 1302 941 ut
1322 919 1408 943 cum
1427 901 1680 944 Frotscherus

242 979 479 1013 structuram
499 973 711 1010 verborum
733 970 924 1023 adjuvffi]

354 1043 389 1093 §.
423 1045 517 1080 111.
575 1039 725 1078 auditu.
781 1037 915 1077 Etiam
941 1035 1062 1077 Amb.
1087 1042 1128 1077 2.
1162 1036 1348 1076 auditum.

351 1109 390 1160 ξ.
420 1113 513 1148 112.
575 1106 802 1146 hominibus.
850 1105 971 1145 Amb.
1005 1110 1045 1145 2.
1079 1105 1268 1144 omnibus.
1382 1104 1424 1143 icl
1458 1117 1680 1145 consecutus

242 1174 332 1216 Par.
354 1181 392 1215 2.
418 1179 482 1226 6.,
522 1175 592 1215 sed
617 1174 704 1215 Par.
729 1178 766 1214 1.
784 1175 901 1214 inser.
920 1184 990 1212 cst.
1077 1189 1178 1212 nom.
1197 1171 1264 1211 sed
1282 1170 1330 1212 el.
1369 1170 1437 1213 Sic
1463 1172 1554 1213 Par.
1581 1178 1616 1213 1.
1638 1180 1677 1214 2.

242 1253 281 1283 et
303 1242 428 1283 Amb.
449 1248 488 1282 2.

352 1314 387 1360 §.
421 1314 513 1350 113.
571 1311 750 1349 inventio.
799 1308 888 1351 Par.
918 1314 953 1348 1.
982 1314 1023 1349 2.
1055 1310 1218 1348 invenio.
1322 1307 1560 1365 praeferens.
1609 1300 1703 1348 Sic'

240 1378 328 1419 Par.
353 1383 391 1417 1.
413 1382 453 1418 2.

353 1445 389 1496 §.
425 1447 517 1483 115.
581 1442 772 1483 Ciceroni.
824 1442 892 1483 Sic
918 1442 1005 1482 Par.
1028 1450 1066 1483 2.
1105 1458 1183 1482 sec.
1206 1457 1260 1482 m.
1291 1445 1502 1482 ciceronem
1527 1441 1616 1483 Par.
1641 1447 1680 1483 1.

240 1510 364 1552 Aan.
385 1515 425 1550 2.
514 1509 734 1563 adjecturus
755 1509 841 1548 sibi.
880 1508 1002 1548 Amb.
1029 1517 1068 1549 2.
1101 1509 1292 1563 adj-fuit.

353 1580 390 1631 ξ.
426 1581 520 1617 117.
577 1579 656 1628 ejus
675 1593 838 1615 summa.
878 1575 946 1616 Sic
966 1575 1057 1616 Par,
1084 1581 1119 1615 1.
1201 1587 1235 1613 et
1260 1579 1322 1614 vis
1348 1592 1380 1616 S.
1412 1575 1503 1617 Par.
1527 1581 1566 1617 2.
1598 1592 1676 1617 sec.

238 1662 293 1686 m.
381 1655 416 1683 ct
434 1659 558 1683 sermo
586 1643 677 1682 Par.
700 1648 738 1682 6.
769 1641 892 1681 Amb.
917 1648 957 1683 2.

348 1715 385 1763 §.
416 1715 510 1751 118.
570 1708 716 1750 locare.
769 1708 837 1750 Sic
869 1709 960 1750 Par.
983 1715 1021 1750 2.
1049 1724 1126 1750 sec.
1146 1724 1199 1749 m.
1289 1709 1427 1749 habere
1463 1709 1552 1751 Par.
1577 1716 1613 1752 1.
1637 1716 1675 1752 6.

236 1780 361 1821 Amb.
391 1784 429 1820 2.

352 1849 389 1899 §.
425 1851 517 1887 123.
578 1847 643 1900 qui
662 1845 811 1899 ubique.
852 1843 920 1885 Sic
939 1847 1059 1885 etiam
1079 1843 1204 1885 Amb.
1226 1850 1265 1884 2.

352 1917 388 1968 §.
423 1915 514 1954 124.
573 1913 788 1967 Scepticos.
835 1911 923 1952 Par.
959 1918 999 1953 1.
1029 1919 1068 1953 2.
1101 1917 1138 1952 6.
1179 1912 1304 1952 Amb.
1330 1919 1367 1952 2.
1389 1911 1564 1952 Sextios.

240 1982 425 2022 Plancus.
465 1980 532 2021 Sic
565 1980 655 2021 Par.
679 1985 717 2020 2.
791 1979 880 2019 Par.
906 1985 941 2019 1.
965 1986 1001 2018 6.
1037 1979 1200 2018 Plautus
1239 1981 1361 2034 [vere
1391 1983 1583 2031 omniuo,
1624 1981 1674 2020 cf.

237 2054 304 2091 lib.
326 2048 376 2101 II,
401 2050 465 2099 14,
486 2055 525 2089 2.
565 2046 638 2099 III,
663 2052 700 2098 6,
724 2052 793 2094 23,
824 2050 966 2101 quibus
989 2050 1084 2086 locis
1114 2063 1223 2086 nunc
1251 2049 1357 2086 idem
1385 2063 1533 2086 nomen
1565 2051 1678 2087 resti-

237 2116 479 2171 tuendmm]
564 2118 794 2167 cognitione.
840 2114 931 2155 Par.
953 2120 989 2155 1.
1016 2121 1055 2155 2.
1079 2120 1117 2155 6.
1151 2115 1275 2155 Amb.
1299 2121 1338 2155 2.
1367 2117 1590 2167 cognitioni.

241 2185 458 2240 Epicureis.
499 2183 566 2223 Sic
596 2183 686 2223 Par.
709 2188 747 2222 2.
789 2181 970 2235 Epicur-is
989 2182 1078 2223 Par.
1104 2187 1139 2222 1.
1166 2187 1202 2221 6.

349 2254 384 2304 §.
420 2256 511 2291 126.
567 2267 701 2304 posse,
735 2250 883 2303 quibu&
925 2250 1013 2290 Par.
1041 2255 1074 2289 1.
1099 2256 1137 2290 2.
1163 2254 1199 2289 6.
1226 2253 1342 2288 inse—r.
1367 2252 1416 2288 in.
1486 2247 1610 2289 Amb.
1635 2254 1676 2289 2.

232 2321 389 2375 placere
407 2336 447 2358 sc
465 2322 513 2358 iis
535 2317 712 2358 dicendo.
801 2317 1063 2358 descenderat.
1094 2316 1161 2357 Sic
1180 2317 1268 2361 Par,
1285 2322 1321 2357 1.
1352 2316 1566 2357 desciverat
1586 2316 1616 2357 P
1619 2332 1674 2356 ar.

235 2396 274 2430 2.
296 2404 375 2428 sec.
403 2401 459 2427 m.

346 2460 382 2508 §.
416 2458 510 2494 127.
570 2464 637 2492 aut
658 2452 748 2493 salt.
787 2451 877 2492 Par.
902 2458 938 2492 1.
961 2458 1001 2493 2.
1025 2456 1061 2491 6.
1093 2447 1217 2491 Amb.
1239 2457 1276 2492 2.
1299 2468 1348 2490 ac
1365 2468 1396 2491 s.

348 2524 385 2574 §.
420 2526 514 2562 130.
573 2524 609 2560 si
628 2520 777 2575 aliqua.
823 2519 910 2559 Par.
947 2525 982 2560 1.
1017 2526 1056 2561 2.
1091 2522 1127 2558 si
1153 2519 1210 2558 nil
1237 2518 1469 2573 aequalium.
1520 2518 1610 2559 Par.
1635 2523 1672 2560 6.

235 2589 359 2629 simile
379 2605 469 2643 qua.
529 2588 653 2628 Amb.
677 2594 716 2628 2.
741 2586 865 2625 simile
883 2604 1009 2640 qnam.
1104 2604 1193 2640 par.
1222 2604 1382 2641 cons-up.
1430 2587 1497 2626 Sit:
1523 2586 1612 2626 Par.
1635 2592 1669 2625 1.

233 2658 301 2696 sed
325 2657 412 2695 Par.
435 2663 475 2696 2.
498 2657 532 2694 6.
553 2654 679 2696 Amb.
696 2661 735 2695 2.
759 2657 876 2693 inser.
895 2671 983 2693 ηοη.
1043 2653 1339 2707 [Scribendnm
1360 2669 1450 2693 cum
1470 2653 1672 2705 Madvigio

232 2727 371 2768 Dauo,
417 2725 490 2777 cui=
513 2726 597 2763 viro
629 2737 724 2762 mox
751 2724 833 2760 fore
867 2736 1036 2773 auguror
1065 2730 1108 2761 ui
1138 2723 1308 2760 multum
1338 2724 1490 2760 litterae
1516 2729 1672 2759 nostrae
