<?xml version="1.0" encoding="UTF-8"?>
<!DOCTYPE html PUBLIC "-//W3C//DTD XHTML 1.0 Transitional//EN"
    "http://www.w3.org/TR/xhtml1/DTD/xhtml1-transitional.dtd">
<html xmlns="http://www.w3.org/1999/xhtml" xml:lang="en" lang="en">
 <head>
  <title>
</title>
<meta http-equiv="Content-Type" content="text/html;charset=utf-8" />
  <meta name='ocr-system' content='tesseract 3.04.00' />
  <meta name='ocr-capabilities' content='ocr_page ocr_carea ocr_par ocr_line ocrx_word'/>
</head>
<body>
  <div class='ocr_page' id='page_1' title='image "./lexiconquintilia05bonnuoft_0448.png"; bbox 0 0 1775 3091; ppageno 0'>
   <div class='ocr_carea' id='block_1_1' title="bbox 167 197 1201 254">
    <p class='ocr_par' dir='ltr' id='par_1_1' title="bbox 167 197 1201 254">
     <span class='ocr_line' id='line_1_1' title="bbox 167 197 1201 254; baseline -0.006 -11"><span class='ocrx_word' id='word_1_1' title='bbox 167 207 251 245; x_wconf 83' lang='lat'>392</span> <span class='ocrx_word' id='word_1_2' title='bbox 622 198 896 254; x_wconf 75' lang='lat' dir='ltr'>Supplementa</span> <span class='ocrx_word' id='word_1_3' title='bbox 934 197 1201 238; x_wconf 71' lang='lat' dir='ltr'><strong><em>annotationis</em></strong></span> 
     </span>
    </p>
   </div>
   <div class='ocr_carea' id='block_1_2' title="bbox 286 306 1635 455">
    <p class='ocr_par' dir='ltr' id='par_1_2' title="bbox 286 306 1635 455">
     <span class='ocr_line' id='line_1_2' title="bbox 753 306 1044 353; baseline -0.01 -1"><span class='ocrx_word' id='word_1_4' title='bbox 753 309 785 352; x_wconf 85' lang='lat' dir='ltr'>C</span> <span class='ocrx_word' id='word_1_5' title='bbox 817 324 845 353; x_wconf 77' lang='lat' dir='ltr'>A</span> <span class='ocrx_word' id='word_1_6' title='bbox 877 325 916 352; x_wconf 73' lang='grc' dir='ltr'><strong>ι’.</strong></span> <span class='ocrx_word' id='word_1_7' title='bbox 981 306 1044 350; x_wconf 87' lang='lat'>11.</span> 
     </span>
     <span class='ocr_line' id='line_1_3' title="bbox 286 399 1635 455; baseline -0.002 -8"><span class='ocrx_word' id='word_1_8' title='bbox 286 404 356 447; x_wconf 87' lang='lat' dir='ltr'>Ab</span> <span class='ocrx_word' id='word_1_9' title='bbox 402 404 482 445; x_wconf 89' lang='lat' dir='ltr'>hoo</span> <span class='ocrx_word' id='word_1_10' title='bbox 528 402 622 441; x_wconf 84' lang='lat' dir='ltr'>iude</span> <span class='ocrx_word' id='word_1_11' title='bbox 671 404 800 454; x_wconf 84' lang='lat' dir='ltr'>capite</span> <span class='ocrx_word' id='word_1_12' title='bbox 852 399 1134 454; x_wconf 82' lang='lat' dir='ltr'>Spaldingius‚</span> <span class='ocrx_word' id='word_1_13' title='bbox 1185 415 1287 455; x_wconf 78' lang='lat' dir='ltr'>quae</span> <span class='ocrx_word' id='word_1_14' title='bbox 1334 402 1530 455; x_wconf 85' lang='lat' dir='ltr'>praesidia</span> <span class='ocrx_word' id='word_1_15' title='bbox 1576 403 1635 444; x_wconf 18' lang='lat' dir='ltr'>ad*</span> 
     </span>
    </p>
   </div>
   <div class='ocr_carea' id='block_1_3' title="bbox 178 469 1649 1810">
    <p class='ocr_par' dir='ltr' id='par_1_3' title="bbox 178 469 1649 1810">
     <span class='ocr_line' id='line_1_4' title="bbox 178 469 1628 529; baseline -0.003 -14"><span class='ocrx_word' id='word_1_16' title='bbox 178 473 481 529; x_wconf 69' lang='lat' dir='ltr'><strong>Quintilianum</strong></span> <span class='ocrx_word' id='word_1_17' title='bbox 519 469 820 509; x_wconf 82' lang='lat' dir='ltr'>emendandum</span> <span class='ocrx_word' id='word_1_18' title='bbox 858 471 1042 521; x_wconf 84' lang='lat' dir='ltr'>collegit,</span> <span class='ocrx_word' id='word_1_19' title='bbox 1092 471 1176 521; x_wconf 90' lang='lat' dir='ltr'>ipse</span> <span class='ocrx_word' id='word_1_20' title='bbox 1214 471 1335 507; x_wconf 90' lang='lat' dir='ltr'>simul</span> <span class='ocrx_word' id='word_1_21' title='bbox 1372 471 1556 510; x_wconf 88' lang='lat' dir='ltr'>omnibus</span> <span class='ocrx_word' id='word_1_22' title='bbox 1588 480 1628 510; x_wconf 90' lang='lat' dir='ltr'>et</span> 
     </span>
     <span class='ocr_line' id='line_1_5' title="bbox 178 536 1629 597; baseline -0.003 -15"><span class='ocrx_word' id='word_1_23' title='bbox 178 558 226 584; x_wconf 86' lang='lat' dir='ltr'>ea</span> <span class='ocrx_word' id='word_1_24' title='bbox 249 543 415 597; x_wconf 88' lang='lat' dir='ltr'>quidem</span> <span class='ocrx_word' id='word_1_25' title='bbox 444 540 652 590; x_wconf 81' lang='lat' dir='ltr'>diligentia</span> <span class='ocrx_word' id='word_1_26' title='bbox 683 540 742 576; x_wconf 89' lang='lat' dir='ltr'>uti</span> <span class='ocrx_word' id='word_1_27' title='bbox 763 540 916 590; x_wconf 86' lang='lat' dir='ltr'>coepit,</span> <span class='ocrx_word' id='word_1_28' title='bbox 958 546 1002 576; x_wconf 83' lang='lat' dir='ltr'>ut</span> <span class='ocrx_word' id='word_1_29' title='bbox 1021 536 1126 575; x_wconf 82' lang='lat' dir='ltr'>nihil</span> <span class='ocrx_word' id='word_1_30' title='bbox 1144 539 1474 589; x_wconf 67' lang='lat' dir='ltr'>praetermiserit,</span> <span class='ocrx_word' id='word_1_31' title='bbox 1520 539 1629 592; x_wconf 87' lang='lat' dir='ltr'>quod</span> 
     </span>
     <span class='ocr_line' id='line_1_6' title="bbox 180 606 1631 661; baseline -0.003 -10"><span class='ocrx_word' id='word_1_32' title='bbox 180 613 346 661; x_wconf 81' lang='lat' dir='ltr'>alicujus</span> <span class='ocrx_word' id='word_1_33' title='bbox 377 608 559 647; x_wconf 75' lang='lat' dir='ltr'>utilitatis</span> <span class='ocrx_word' id='word_1_34' title='bbox 587 606 811 656; x_wconf 73' lang='lat' dir='ltr'>videretur,</span> <span class='ocrx_word' id='word_1_35' title='bbox 849 608 947 659; x_wconf 87' lang='lat' dir='ltr'>quin</span> <span class='ocrx_word' id='word_1_36' title='bbox 977 606 1216 657; x_wconf 77' lang='lat' dir='ltr'>excerpserit</span> <span class='ocrx_word' id='word_1_37' title='bbox 1240 613 1280 642; x_wconf 89' lang='lat' dir='ltr'>et</span> <span class='ocrx_word' id='word_1_38' title='bbox 1302 620 1395 643; x_wconf 86' lang='lat' dir='ltr'>cum</span> <span class='ocrx_word' id='word_1_39' title='bbox 1415 608 1631 646; x_wconf 87' lang='lat' dir='ltr'>lectoribus</span> 
     </span>
     <span class='ocr_line' id='line_1_7' title="bbox 181 669 1633 728; baseline -0.002 -10"><span class='ocrx_word' id='word_1_40' title='bbox 181 681 242 718; x_wconf 84' lang='lat' dir='ltr'>rei</span> <span class='ocrx_word' id='word_1_41' title='bbox 273 679 430 717; x_wconf 78' lang='lat' dir='ltr'>criticae</span> <span class='ocrx_word' id='word_1_42' title='bbox 459 674 644 714; x_wconf 84' lang='lat' dir='ltr'>studiosis</span> <span class='ocrx_word' id='word_1_43' title='bbox 675 675 994 713; x_wconf 83' lang='lat' dir='ltr'>communicarit.</span> <span class='ocrx_word' id='word_1_44' title='bbox 1051 669 1189 724; x_wconf 86' lang='lat' dir='ltr'>Itaque</span> <span class='ocrx_word' id='word_1_45' title='bbox 1213 672 1401 710; x_wconf 73' lang='lat' dir='ltr'>effectum</span> <span class='ocrx_word' id='word_1_46' title='bbox 1421 682 1490 722; x_wconf 85' lang='lat' dir='ltr'>est,</span> <span class='ocrx_word' id='word_1_47' title='bbox 1523 677 1633 728; x_wconf 82' lang='lat' dir='ltr'>quod</span> 
     </span>
     <span class='ocr_line' id='line_1_8' title="bbox 182 738 1633 795; baseline -0.003 -10"><span class='ocrx_word' id='word_1_48' title='bbox 182 760 255 785; x_wconf 90' lang='lat' dir='ltr'>nos</span> <span class='ocrx_word' id='word_1_49' title='bbox 297 752 500 783; x_wconf 84' lang='lat' dir='ltr'>curaturos</span> <span class='ocrx_word' id='word_1_50' title='bbox 537 743 818 795; x_wconf 84' lang='lat' dir='ltr'>promisimus,</span> <span class='ocrx_word' id='word_1_51' title='bbox 867 749 913 780; x_wconf 91' lang='lat' dir='ltr'>ut</span> <span class='ocrx_word' id='word_1_52' title='bbox 948 741 1226 779; x_wconf 84' lang='lat' dir='ltr'>commentarii</span> <span class='ocrx_word' id='word_1_53' title='bbox 1263 738 1544 793; x_wconf 79' lang='lat' dir='ltr'>Spaldingiani</span> <span class='ocrx_word' id='word_1_54' title='bbox 1582 743 1633 782; x_wconf 81' lang='lat' dir='ltr'>ad</span> 
     </span>
     <span class='ocr_line' id='line_1_9' title="bbox 184 808 1635 862; baseline -0.003 -10"><span class='ocrx_word' id='word_1_55' title='bbox 184 827 275 852; x_wconf 85' lang='lat' dir='ltr'>eam</span> <span class='ocrx_word' id='word_1_56' title='bbox 313 813 512 850; x_wconf 89' lang='lat' dir='ltr'>rationem</span> <span class='ocrx_word' id='word_1_57' title='bbox 545 810 807 862; x_wconf 82' lang='lat' dir='ltr'>plenitudinis</span> <span class='ocrx_word' id='word_1_58' title='bbox 849 817 888 848; x_wconf 91' lang='lat' dir='ltr'>et</span> <span class='ocrx_word' id='word_1_59' title='bbox 928 808 1191 847; x_wconf 85' lang='lat' dir='ltr'>accurationis</span> <span class='ocrx_word' id='word_1_60' title='bbox 1230 808 1534 860; x_wconf 87' lang='lat' dir='ltr'>supplerentur,</span> <span class='ocrx_word' id='word_1_61' title='bbox 1583 811 1635 850; x_wconf 86' lang='lat' dir='ltr'>ad</span> 
     </span>
     <span class='ocr_line' id='line_1_10' title="bbox 185 874 1637 934; baseline -0.002 -16"><span class='ocrx_word' id='word_1_62' title='bbox 185 894 308 934; x_wconf 90' lang='lat' dir='ltr'>quam</span> <span class='ocrx_word' id='word_1_63' title='bbox 336 893 400 918; x_wconf 89' lang='lat' dir='ltr'>eos</span> <span class='ocrx_word' id='word_1_64' title='bbox 430 880 513 930; x_wconf 86' lang='lat' dir='ltr'>ipse</span> <span class='ocrx_word' id='word_1_65' title='bbox 546 878 868 929; x_wconf 79' lang='lat' dir='ltr'>diligentissimus</span> <span class='ocrx_word' id='word_1_66' title='bbox 901 884 1037 915; x_wconf 85' lang='lat' dir='ltr'>auctor</span> <span class='ocrx_word' id='word_1_67' title='bbox 1066 874 1297 913; x_wconf 88' lang='lat' dir='ltr'>redacturus</span> <span class='ocrx_word' id='word_1_68' title='bbox 1327 875 1485 926; x_wconf 87' lang='lat' dir='ltr'>fuisset,</span> <span class='ocrx_word' id='word_1_69' title='bbox 1522 879 1556 915; x_wconf 88' lang='lat' dir='ltr'>si</span> <span class='ocrx_word' id='word_1_70' title='bbox 1585 879 1637 917; x_wconf 84' lang='lat' dir='ltr'>ab</span> 
     </span>
     <span class='ocr_line' id='line_1_11' title="bbox 185 941 1638 998; baseline -0.001 -13"><span class='ocrx_word' id='word_1_71' title='bbox 185 950 302 986; x_wconf 84' lang='lat' dir='ltr'>initio</span> <span class='ocrx_word' id='word_1_72' title='bbox 342 947 454 985; x_wconf 89' lang='lat' dir='ltr'>idem</span> <span class='ocrx_word' id='word_1_73' title='bbox 492 947 705 989; x_wconf 79' lang='lat' dir='ltr'>consih&#39;um</span> <span class='ocrx_word' id='word_1_74' title='bbox 742 946 962 998; x_wconf 90' lang='lat' dir='ltr'>eademque</span> <span class='ocrx_word' id='word_1_75' title='bbox 998 941 1195 995; x_wconf 84' lang='lat' dir='ltr'>praesidia</span> <span class='ocrx_word' id='word_1_76' title='bbox 1223 944 1281 980; x_wconf 89' lang='lat' dir='ltr'>rei</span> <span class='ocrx_word' id='word_1_77' title='bbox 1309 942 1411 981; x_wconf 89' lang='lat' dir='ltr'>bene</span> <span class='ocrx_word' id='word_1_78' title='bbox 1440 945 1638 996; x_wconf 83' lang='lat' dir='ltr'>gerendae</span> 
     </span>
     <span class='ocr_line' id='line_1_12' title="bbox 185 1011 1638 1067; baseline -0.001 -14"><span class='ocrx_word' id='word_1_79' title='bbox 185 1014 390 1054; x_wconf 81' lang='lat' dir='ltr'>habuisset</span> <span class='ocrx_word' id='word_1_80' title='bbox 404 1045 414 1065; x_wconf 92' lang='lat'>‚</span> <span class='ocrx_word' id='word_1_81' title='bbox 454 1028 556 1067; x_wconf 90' lang='lat' dir='ltr'>quae</span> <span class='ocrx_word' id='word_1_82' title='bbox 571 1044 582 1064; x_wconf 90' lang='lat'>,</span> <span class='ocrx_word' id='word_1_83' title='bbox 624 1027 718 1051; x_wconf 85' lang='lat' dir='ltr'>cmn</span> <span class='ocrx_word' id='word_1_84' title='bbox 733 1015 815 1063; x_wconf 82' lang='lat' dir='ltr'>jam</span> <span class='ocrx_word' id='word_1_85' title='bbox 838 1012 888 1050; x_wconf 87' lang='lat' dir='ltr'>ad</span> <span class='ocrx_word' id='word_1_86' title='bbox 905 1013 1028 1050; x_wconf 88' lang='lat' dir='ltr'>finem</span> <span class='ocrx_word' id='word_1_87' title='bbox 1045 1018 1215 1049; x_wconf 80' lang='lat' dir='ltr'>verteret</span> <span class='ocrx_word' id='word_1_88' title='bbox 1235 1013 1458 1063; x_wconf 85' lang='lat' dir='ltr'>negotium,</span> <span class='ocrx_word' id='word_1_89' title='bbox 1489 1011 1638 1052; x_wconf 87' lang='lat' dir='ltr'>habere</span> 
     </span>
     <span class='ocr_line' id='line_1_13' title="bbox 187 1079 1640 1135; baseline -0.002 -13"><span class='ocrx_word' id='word_1_90' title='bbox 187 1080 331 1135; x_wconf 86' lang='lat' dir='ltr'>coepit.</span> <span class='ocrx_word' id='word_1_91' title='bbox 389 1080 471 1122; x_wconf 85' lang='lat' dir='ltr'>Sed</span> <span class='ocrx_word' id='word_1_92' title='bbox 496 1083 567 1135; x_wconf 87' lang='lat' dir='ltr'>qui</span> <span class='ocrx_word' id='word_1_93' title='bbox 599 1079 662 1120; x_wconf 87' lang='lat' dir='ltr'>his</span> <span class='ocrx_word' id='word_1_94' title='bbox 691 1082 978 1133; x_wconf 84' lang='lat' dir='ltr'>supplementis</span> <span class='ocrx_word' id='word_1_95' title='bbox 1007 1080 1118 1118; x_wconf 88' lang='lat' dir='ltr'>usuri</span> <span class='ocrx_word' id='word_1_96' title='bbox 1146 1086 1267 1129; x_wconf 88' lang='lat' dir='ltr'>sunt,</span> <span class='ocrx_word' id='word_1_97' title='bbox 1307 1081 1411 1119; x_wconf 89' lang='lat' dir='ltr'>sicut</span> <span class='ocrx_word' id='word_1_98' title='bbox 1429 1082 1640 1133; x_wconf 88' lang='lat' dir='ltr'>ingenium</span> 
     </span>
     <span class='ocr_line' id='line_1_14' title="bbox 188 1147 1641 1204; baseline -0.001 -16"><span class='ocrx_word' id='word_1_99' title='bbox 188 1150 353 1204; x_wconf 87' lang='lat' dir='ltr'>quidem</span> <span class='ocrx_word' id='word_1_100' title='bbox 396 1150 613 1189; x_wconf 80' lang='lat' dir='ltr'>doctissimi</span> <span class='ocrx_word' id='word_1_101' title='bbox 649 1149 874 1201; x_wconf 88' lang='lat' dir='ltr'>Spaldingii</span> <span class='ocrx_word' id='word_1_102' title='bbox 919 1147 1221 1196; x_wconf 87' lang='lat' dir='ltr'>desiderabunt,</span> <span class='ocrx_word' id='word_1_103' title='bbox 1270 1148 1327 1185; x_wconf 87' lang='lat' dir='ltr'>ita</span> <span class='ocrx_word' id='word_1_104' title='bbox 1356 1148 1475 1187; x_wconf 89' lang='lat' dir='ltr'>facile</span> <span class='ocrx_word' id='word_1_105' title='bbox 1503 1157 1641 1188; x_wconf 87' lang='lat' dir='ltr'>tamen</span> 
     </span>
     <span class='ocr_line' id='line_1_15' title="bbox 189 1215 1639 1270; baseline -0.003 -12"><span class='ocrx_word' id='word_1_106' title='bbox 189 1219 268 1258; x_wconf 78' lang='lat' dir='ltr'>sibi</span> <span class='ocrx_word' id='word_1_107' title='bbox 286 1218 603 1270; x_wconf 86' lang='lat' dir='ltr'>persuadebunt,</span> <span class='ocrx_word' id='word_1_108' title='bbox 633 1219 838 1267; x_wconf 86' lang='lat' dir='ltr'>materiae,</span> <span class='ocrx_word' id='word_1_109' title='bbox 869 1219 913 1254; x_wconf 89' lang='lat' dir='ltr'>in</span> <span class='ocrx_word' id='word_1_110' title='bbox 945 1230 1023 1268; x_wconf 89' lang='lat' dir='ltr'>qua</span> <span class='ocrx_word' id='word_1_111' title='bbox 1048 1215 1266 1264; x_wconf 87' lang='lat' dir='ltr'>elaborent,</span> <span class='ocrx_word' id='word_1_112' title='bbox 1297 1223 1454 1254; x_wconf 86' lang='lat' dir='ltr'>tantam</span> <span class='ocrx_word' id='word_1_113' title='bbox 1474 1218 1639 1267; x_wconf 86' lang='lat' dir='ltr'>molem,</span> 
     </span>
     <span class='ocr_line' id='line_1_16' title="bbox 191 1283 1641 1337; baseline -0.001 -12"><span class='ocrx_word' id='word_1_114' title='bbox 191 1285 261 1324; x_wconf 78' lang='lat' dir='ltr'>sed</span> <span class='ocrx_word' id='word_1_115' title='bbox 297 1299 383 1325; x_wconf 80' lang='lat' dir='ltr'>non</span> <span class='ocrx_word' id='word_1_116' title='bbox 423 1285 566 1323; x_wconf 87' lang='lat' dir='ltr'>rudem</span> <span class='ocrx_word' id='word_1_117' title='bbox 601 1286 717 1322; x_wconf 84' lang='lat' dir='ltr'>illam</span> <span class='ocrx_word' id='word_1_118' title='bbox 753 1284 1075 1337; x_wconf 86' lang='lat' dir='ltr'>indigestamque</span> <span class='ocrx_word' id='word_1_119' title='bbox 1112 1296 1135 1320; x_wconf 89' lang='lat' dir='ltr'>a</span> <span class='ocrx_word' id='word_1_120' title='bbox 1170 1283 1286 1321; x_wconf 90' lang='lat' dir='ltr'>nobis</span> <span class='ocrx_word' id='word_1_121' title='bbox 1327 1285 1514 1322; x_wconf 87' lang='lat' dir='ltr'>collatam</span> <span class='ocrx_word' id='word_1_122' title='bbox 1544 1299 1641 1336; x_wconf 88' lang='lat' dir='ltr'>esse,</span> 
     </span>
     <span class='ocr_line' id='line_1_17' title="bbox 191 1348 1645 1406; baseline -0.001 -14"><span class='ocrx_word' id='word_1_123' title='bbox 191 1354 264 1392; x_wconf 77' lang='lat' dir='ltr'>vix</span> <span class='ocrx_word' id='word_1_124' title='bbox 302 1360 349 1391; x_wconf 81' lang='lat' dir='ltr'>ut</span> <span class='ocrx_word' id='word_1_125' title='bbox 385 1355 533 1404; x_wconf 87' lang='lat' dir='ltr'>sperari</span> <span class='ocrx_word' id='word_1_126' title='bbox 574 1354 792 1405; x_wconf 86' lang='lat' dir='ltr'>quicquam</span> <span class='ocrx_word' id='word_1_127' title='bbox 827 1354 949 1405; x_wconf 88' lang='lat' dir='ltr'>possit</span> <span class='ocrx_word' id='word_1_128' title='bbox 979 1352 1163 1403; x_wconf 85' lang='lat' dir='ltr'>amplius.</span> <span class='ocrx_word' id='word_1_129' title='bbox 1186 1349 1195 1352; x_wconf 53' lang='lat'><strong>⁴</strong></span> <span class='ocrx_word' id='word_1_130' title='bbox 1234 1348 1436 1400; x_wconf 84' lang='lat' dir='ltr'>Quocirca</span> <span class='ocrx_word' id='word_1_131' title='bbox 1463 1366 1516 1390; x_wconf 89' lang='lat' dir='ltr'>ne</span> <span class='ocrx_word' id='word_1_132' title='bbox 1546 1352 1645 1406; x_wconf 87' lang='lat' dir='ltr'>quid</span> 
     </span>
     <span class='ocr_line' id='line_1_18' title="bbox 193 1420 1646 1474; baseline 0 -16"><span class='ocrx_word' id='word_1_133' title='bbox 193 1420 302 1474; x_wconf 90' lang='lat' dir='ltr'>quod</span> <span class='ocrx_word' id='word_1_134' title='bbox 351 1421 476 1458; x_wconf 85' lang='lat' dir='ltr'>semel</span> <span class='ocrx_word' id='word_1_135' title='bbox 521 1421 806 1471; x_wconf 86' lang='lat' dir='ltr'>incepissemus</span> <span class='ocrx_word' id='word_1_136' title='bbox 848 1420 1129 1470; x_wconf 85' lang='lat' dir='ltr'>imperfectum</span> <span class='ocrx_word' id='word_1_137' title='bbox 1174 1421 1470 1468; x_wconf 84' lang='lat' dir='ltr'>omitteremus,</span> <span class='ocrx_word' id='word_1_138' title='bbox 1524 1423 1646 1458; x_wconf 88' lang='lat' dir='ltr'>etiam</span> 
     </span>
     <span class='ocr_line' id='line_1_19' title="bbox 193 1483 1649 1540; baseline -0.001 -14"><span class='ocrx_word' id='word_1_139' title='bbox 193 1495 283 1540; x_wconf 84' lang='lat' dir='ltr'>post</span> <span class='ocrx_word' id='word_1_140' title='bbox 310 1486 421 1526; x_wconf 81' lang='lat' dir='ltr'>hunc</span> <span class='ocrx_word' id='word_1_141' title='bbox 448 1487 594 1525; x_wconf 89' lang='lat' dir='ltr'>laboris</span> <span class='ocrx_word' id='word_1_142' title='bbox 624 1487 751 1524; x_wconf 87' lang='lat' dir='ltr'>nostri</span> <span class='ocrx_word' id='word_1_143' title='bbox 780 1488 894 1539; x_wconf 89' lang='lat' dir='ltr'>quasi</span> <span class='ocrx_word' id='word_1_144' title='bbox 925 1487 1073 1536; x_wconf 87' lang='lat' dir='ltr'>justum</span> <span class='ocrx_word' id='word_1_145' title='bbox 1112 1487 1236 1523; x_wconf 85' lang='lat' dir='ltr'>finem</span> <span class='ocrx_word' id='word_1_146' title='bbox 1275 1483 1461 1524; x_wconf 74' lang='lat' dir='ltr'>Codicum</span> <span class='ocrx_word' id='word_1_147' title='bbox 1492 1486 1649 1525; x_wconf 82' lang='lat' dir='ltr'>Parisi-</span> 
     </span>
     <span class='ocr_line' id='line_1_20' title="bbox 194 1550 1646 1606; baseline 0 -14"><span class='ocrx_word' id='word_1_148' title='bbox 194 1569 337 1593; x_wconf 81' lang='lat' dir='ltr'>norum</span> <span class='ocrx_word' id='word_1_149' title='bbox 375 1554 638 1605; x_wconf 81' lang='lat' dir='ltr'>discrepantes</span> <span class='ocrx_word' id='word_1_150' title='bbox 673 1555 883 1605; x_wconf 73' lang='lat' dir='ltr'>scripturas</span> <span class='ocrx_word' id='word_1_151' title='bbox 926 1567 977 1591; x_wconf 84' lang='lat' dir='ltr'>ex</span> <span class='ocrx_word' id='word_1_152' title='bbox 1021 1552 1196 1590; x_wconf 89' lang='lat' dir='ltr'>editione</span> <span class='ocrx_word' id='word_1_153' title='bbox 1225 1550 1407 1590; x_wconf 84' lang='lat' dir='ltr'>Pottierii</span> <span class='ocrx_word' id='word_1_154' title='bbox 1435 1568 1646 1606; x_wconf 82' lang='lat' dir='ltr'>excerpere</span> 
     </span>
     <span class='ocr_line' id='line_1_21' title="bbox 195 1619 1648 1674; baseline 0 -14"><span class='ocrx_word' id='word_1_155' title='bbox 195 1622 470 1674; x_wconf 65' lang='lat' dir='ltr'>perreximus,</span> <span class='ocrx_word' id='word_1_156' title='bbox 517 1622 646 1673; x_wconf 89' lang='lat' dir='ltr'>iisque</span> <span class='ocrx_word' id='word_1_157' title='bbox 678 1620 804 1670; x_wconf 86' lang='lat' dir='ltr'>adjeci</span> <span class='ocrx_word' id='word_1_158' title='bbox 831 1621 968 1658; x_wconf 81' lang='lat' dir='ltr'>breves</span> <span class='ocrx_word' id='word_1_159' title='bbox 997 1619 1192 1672; x_wconf 88' lang='lat' dir='ltr'>quasdam</span> <span class='ocrx_word' id='word_1_160' title='bbox 1223 1628 1291 1657; x_wconf 85' lang='lat' dir='ltr'>aut</span> <span class='ocrx_word' id='word_1_161' title='bbox 1320 1633 1426 1658; x_wconf 89' lang='lat' dir='ltr'>meas</span> <span class='ocrx_word' id='word_1_162' title='bbox 1452 1628 1521 1659; x_wconf 89' lang='lat' dir='ltr'>aut</span> <span class='ocrx_word' id='word_1_163' title='bbox 1547 1623 1648 1660; x_wconf 86' lang='lat' dir='ltr'>alio-</span> 
     </span>
     <span class='ocr_line' id='line_1_22' title="bbox 194 1687 1648 1740; baseline -0.001 -13"><span class='ocrx_word' id='word_1_164' title='bbox 194 1703 288 1728; x_wconf 82' lang='lat' dir='ltr'>rum</span> <span class='ocrx_word' id='word_1_165' title='bbox 319 1688 534 1728; x_wconf 87' lang='lat' dir='ltr'>hominum</span> <span class='ocrx_word' id='word_1_166' title='bbox 564 1687 774 1726; x_wconf 84' lang='lat' dir='ltr'>doctorum</span> <span class='ocrx_word' id='word_1_167' title='bbox 816 1688 1133 1733; x_wconf 83' lang='lat' dir='ltr'>observationes,</span> <span class='ocrx_word' id='word_1_168' title='bbox 1189 1688 1483 1738; x_wconf 84' lang='lat' dir='ltr'>opportunitate</span> <span class='ocrx_word' id='word_1_169' title='bbox 1517 1690 1648 1740; x_wconf 85' lang='lat' dir='ltr'>potius</span> 
     </span>
     <span class='ocr_line' id='line_1_23' title="bbox 197 1750 1649 1810; baseline -0.001 -14"><span class='ocrx_word' id='word_1_170' title='bbox 197 1757 398 1796; x_wconf 83' lang='lat' dir='ltr'>utendum</span> <span class='ocrx_word' id='word_1_171' title='bbox 436 1763 567 1805; x_wconf 76' lang='lat' dir='ltr'>ratus,</span> <span class='ocrx_word' id='word_1_172' title='bbox 620 1769 744 1810; x_wconf 84' lang='lat' dir='ltr'>quam</span> <span class='ocrx_word' id='word_1_173' title='bbox 780 1755 823 1793; x_wconf 83' lang='lat' dir='ltr'>id</span> <span class='ocrx_word' id='word_1_174' title='bbox 861 1769 981 1807; x_wconf 84' lang='lat' dir='ltr'>agens</span> <span class='ocrx_word' id='word_1_175' title='bbox 1010 1762 1055 1792; x_wconf 88' lang='lat' dir='ltr'>ut</span> <span class='ocrx_word' id='word_1_176' title='bbox 1086 1753 1280 1808; x_wconf 80' lang='lat' dir='ltr'>quicquid</span> <span class='ocrx_word' id='word_1_177' title='bbox 1310 1753 1358 1792; x_wconf 87' lang='lat' dir='ltr'>de</span> <span class='ocrx_word' id='word_1_178' title='bbox 1392 1750 1649 1804; x_wconf 82' lang='lat' dir='ltr'>Quintiliano</span> 
     </span>
    </p>
   </div>
   <div class='ocr_carea' id='block_1_4' title="bbox 198 1820 1650 1945">
    <p class='ocr_par' dir='ltr' id='par_1_4' title="bbox 198 1820 1650 1945">
     <span class='ocr_line' id='line_1_24' title="bbox 198 1820 1650 1877; baseline -0.001 -14"><span class='ocrx_word' id='word_1_179' title='bbox 198 1832 288 1877; x_wconf 83' lang='lat' dir='ltr'>post</span> <span class='ocrx_word' id='word_1_180' title='bbox 334 1821 618 1876; x_wconf 80' lang='lat' dir='ltr'>Spaldingium</span> <span class='ocrx_word' id='word_1_181' title='bbox 662 1825 803 1863; x_wconf 83' lang='lat' dir='ltr'>litteris</span> <span class='ocrx_word' id='word_1_182' title='bbox 849 1822 1088 1861; x_wconf 88' lang='lat' dir='ltr'>mandatum</span> <span class='ocrx_word' id='word_1_183' title='bbox 1123 1830 1223 1861; x_wconf 87' lang='lat' dir='ltr'>esset</span> <span class='ocrx_word' id='word_1_184' title='bbox 1260 1823 1304 1859; x_wconf 89' lang='lat' dir='ltr'>in</span> <span class='ocrx_word' id='word_1_185' title='bbox 1340 1820 1419 1861; x_wconf 87' lang='lat' dir='ltr'>hoc</span> <span class='ocrx_word' id='word_1_186' title='bbox 1457 1825 1650 1862; x_wconf 81' lang='lat' dir='ltr'>volumen</span> 
     </span>
     <span class='ocr_line' id='line_1_25' title="bbox 199 1893 478 1945; baseline -0.004 -14"><span class='ocrx_word' id='word_1_187' title='bbox 199 1893 478 1945; x_wconf 82' lang='lat' dir='ltr'>constiparem.</span> 
     </span>
    </p>
   </div>
   <div class='ocr_carea' id='block_1_5' title="bbox 282 1999 1652 2195">
    <p class='ocr_par' dir='ltr' id='par_1_5' title="bbox 282 1999 1652 2195">
     <span class='ocr_line' id='line_1_26' title="bbox 313 1999 1304 2057; baseline -0.004 -13"><span class='ocrx_word' id='word_1_188' title='bbox 313 2003 352 2057; x_wconf 83' lang='lat'>§.</span> <span class='ocrx_word' id='word_1_189' title='bbox 383 2009 424 2044; x_wconf 89' lang='grc'>2.</span> <span class='ocrx_word' id='word_1_190' title='bbox 482 2005 569 2042; x_wconf 83' lang='lat' dir='ltr'>sine</span> <span class='ocrx_word' id='word_1_191' title='bbox 587 2003 654 2042; x_wconf 77' lang='lat' dir='ltr'>iis.</span> <span class='ocrx_word' id='word_1_192' title='bbox 698 2000 765 2042; x_wconf 84' lang='lat' dir='ltr'>Sic</span> <span class='ocrx_word' id='word_1_193' title='bbox 784 2001 875 2042; x_wconf 89' lang='lat' dir='ltr'>Par.</span> <span class='ocrx_word' id='word_1_194' title='bbox 898 2008 938 2042; x_wconf 89' lang='lat'>2.</span> <span class='ocrx_word' id='word_1_195' title='bbox 999 2018 1030 2041; x_wconf 81' lang='lat' dir='ltr'>s.</span> <span class='ocrx_word' id='word_1_196' title='bbox 1060 2001 1119 2040; x_wconf 72' lang='lat' dir='ltr'>his</span> <span class='ocrx_word' id='word_1_197' title='bbox 1146 1999 1237 2041; x_wconf 88' lang='lat' dir='ltr'>Par.</span> <span class='ocrx_word' id='word_1_198' title='bbox 1268 2005 1304 2040; x_wconf 89' lang='lat'>1.</span> 
     </span>
     <span class='ocr_line' id='line_1_27' title="bbox 316 2067 1652 2125; baseline 0 -16"><span class='ocrx_word' id='word_1_199' title='bbox 316 2075 352 2124; x_wconf 88' lang='lat'>§.</span> <span class='ocrx_word' id='word_1_200' title='bbox 385 2075 424 2112; x_wconf 87' lang='lat'>5.</span> <span class='ocrx_word' id='word_1_201' title='bbox 467 2069 673 2110; x_wconf 78' lang='lat' dir='ltr'>mulceant.</span> <span class='ocrx_word' id='word_1_202' title='bbox 715 2069 782 2110; x_wconf 87' lang='lat' dir='ltr'>Sic</span> <span class='ocrx_word' id='word_1_203' title='bbox 803 2068 894 2109; x_wconf 88' lang='lat' dir='ltr'>Par.</span> <span class='ocrx_word' id='word_1_204' title='bbox 920 2075 957 2109; x_wconf 92' lang='lat'>1.</span> <span class='ocrx_word' id='word_1_205' title='bbox 979 2075 1018 2109; x_wconf 86' lang='lat'>2.</span> <span class='ocrx_word' id='word_1_206' title='bbox 1096 2079 1131 2107; x_wconf 79' lang='lat' dir='ltr'>et</span> <span class='ocrx_word' id='word_1_207' title='bbox 1152 2067 1257 2125; x_wconf 75' lang='lat' dir='ltr'>conf</span> <span class='ocrx_word' id='word_1_208' title='bbox 1295 2067 1386 2109; x_wconf 81' lang='lat' dir='ltr'>Par.</span> <span class='ocrx_word' id='word_1_209' title='bbox 1408 2071 1448 2108; x_wconf 89' lang='lat'>1.</span> <span class='ocrx_word' id='word_1_210' title='bbox 1468 2074 1510 2109; x_wconf 87' lang='lat'>2.</span> <span class='ocrx_word' id='word_1_211' title='bbox 1528 2069 1598 2108; x_wconf 74' lang='lat' dir='ltr'>sed</span> <span class='ocrx_word' id='word_1_212' title='bbox 1617 2087 1652 2110; x_wconf 90' lang='lat' dir='ltr'>c.</span> 
     </span>
     <span class='ocr_line' id='line_1_28' title="bbox 282 2120 1196 2195; baseline 0 -18"><span class='ocrx_word' id='word_1_213' title='bbox 282 2141 489 2195; x_wconf 75' lang='lat' dir='ltr'>proxima.</span> <span class='ocrx_word' id='word_1_214' title='bbox 521 2120 588 2177; x_wconf 65' lang='lat' dir='ltr'>Ssic</span> <span class='ocrx_word' id='word_1_215' title='bbox 617 2135 708 2178; x_wconf 84' lang='lat' dir='ltr'>Par.</span> <span class='ocrx_word' id='word_1_216' title='bbox 738 2142 775 2177; x_wconf 92' lang='lat'>1.</span> <span class='ocrx_word' id='word_1_217' title='bbox 828 2139 1018 2191; x_wconf 73' lang='lat' dir='ltr'>proximo</span> <span class='ocrx_word' id='word_1_218' title='bbox 1043 2133 1134 2176; x_wconf 82' lang='lat' dir='ltr'>Par.</span> <span class='ocrx_word' id='word_1_219' title='bbox 1157 2142 1196 2177; x_wconf 92' lang='grc'>2.</span> 
     </span>
    </p>
   </div>
   <div class='ocr_carea' id='block_1_6' title="bbox 205 2201 1651 2317">
    <p class='ocr_par' dir='ltr' id='par_1_6' title="bbox 205 2201 1651 2317">
     <span class='ocr_line' id='line_1_29' title="bbox 317 2201 1651 2260; baseline 0.002 -16"><span class='ocrx_word' id='word_1_220' title='bbox 317 2209 350 2260; x_wconf 84' lang='lat'>§.</span> <span class='ocrx_word' id='word_1_221' title='bbox 382 2211 420 2246; x_wconf 88' lang='grc'>6.</span> <span class='ocrx_word' id='word_1_222' title='bbox 479 2222 714 2260; x_wconf 76' lang='lat' dir='ltr'>quanquam.</span> <span class='ocrx_word' id='word_1_223' title='bbox 764 2204 855 2245; x_wconf 83' lang='lat' dir='ltr'>Par.</span> <span class='ocrx_word' id='word_1_224' title='bbox 883 2210 919 2246; x_wconf 89' lang='lat'>1.</span> <span class='ocrx_word' id='word_1_225' title='bbox 940 2211 981 2245; x_wconf 90' lang='grc'>2.</span> <span class='ocrx_word' id='word_1_226' title='bbox 1004 2220 1104 2244; x_wconf 84' lang='lat' dir='ltr'>cum.</span> <span class='ocrx_word' id='word_1_227' title='bbox 1191 2203 1360 2244; x_wconf 76' lang='lat' dir='ltr'>videtur.</span> <span class='ocrx_word' id='word_1_228' title='bbox 1402 2201 1470 2244; x_wconf 86' lang='lat' dir='ltr'>Sic</span> <span class='ocrx_word' id='word_1_229' title='bbox 1493 2204 1585 2245; x_wconf 87' lang='lat' dir='ltr'>Par.</span> <span class='ocrx_word' id='word_1_230' title='bbox 1613 2211 1651 2247; x_wconf 87' lang='lat'>1.</span> 
     </span>
     <span class='ocr_line' id='line_1_30' title="bbox 205 2271 849 2317; baseline 0 -5"><span class='ocrx_word' id='word_1_231' title='bbox 205 2280 245 2317; x_wconf 87' lang='lat'>2.</span> <span class='ocrx_word' id='word_1_232' title='bbox 325 2274 488 2313; x_wconf 80' lang='lat' dir='ltr'>dicitur.</span> <span class='ocrx_word' id='word_1_233' title='bbox 528 2271 597 2312; x_wconf 85' lang='lat' dir='ltr'>Sic</span> <span class='ocrx_word' id='word_1_234' title='bbox 624 2273 715 2313; x_wconf 87' lang='lat' dir='ltr'>Par.</span> <span class='ocrx_word' id='word_1_235' title='bbox 750 2277 787 2312; x_wconf 90' lang='lat'>1.</span> <span class='ocrx_word' id='word_1_236' title='bbox 810 2278 849 2312; x_wconf 85' lang='lat'>2.</span> 
     </span>
    </p>
   </div>
   <div class='ocr_carea' id='block_1_7' title="bbox 319 2339 1207 2392">
    <p class='ocr_par' dir='ltr' id='par_1_7' title="bbox 319 2339 1207 2392">
     <span class='ocr_line' id='line_1_31' title="bbox 319 2339 1207 2392; baseline -0.003 -10"><span class='ocrx_word' id='word_1_237' title='bbox 319 2342 361 2392; x_wconf 84' lang='lat'>§.</span> <span class='ocrx_word' id='word_1_238' title='bbox 390 2346 432 2382; x_wconf 86' lang='lat'>7.</span> <span class='ocrx_word' id='word_1_239' title='bbox 492 2350 559 2380; x_wconf 81' lang='lat' dir='ltr'>aut</span> <span class='ocrx_word' id='word_1_240' title='bbox 578 2343 747 2380; x_wconf 67' lang='lat' dir='ltr'>venistis.</span> <span class='ocrx_word' id='word_1_241' title='bbox 794 2339 887 2379; x_wconf 87' lang='lat' dir='ltr'>Par.</span> <span class='ocrx_word' id='word_1_242' title='bbox 915 2345 952 2380; x_wconf 89' lang='lat'>1.</span> <span class='ocrx_word' id='word_1_243' title='bbox 975 2339 1207 2379; x_wconf 73' lang='lat' dir='ltr'>advenistis.</span> 
     </span>
    </p>
   </div>
   <div class='ocr_carea' id='block_1_8' title="bbox 205 2405 1654 2518">
    <p class='ocr_par' dir='ltr' id='par_1_8' title="bbox 205 2405 1654 2518">
     <span class='ocr_line' id='line_1_32' title="bbox 320 2405 1654 2462; baseline 0.001 -15"><span class='ocrx_word' id='word_1_244' title='bbox 320 2411 356 2461; x_wconf 84' lang='lat'>§.</span> <span class='ocrx_word' id='word_1_245' title='bbox 387 2412 453 2449; x_wconf 87' lang='lat'>15.</span> <span class='ocrx_word' id='word_1_246' title='bbox 514 2410 832 2462; x_wconf 79' lang='lat' dir='ltr'>interrogatione.</span> <span class='ocrx_word' id='word_1_247' title='bbox 872 2405 939 2447; x_wconf 82' lang='lat' dir='ltr'>Sic</span> <span class='ocrx_word' id='word_1_248' title='bbox 959 2406 1049 2448; x_wconf 81' lang='lat' dir='ltr'>Par.</span> <span class='ocrx_word' id='word_1_249' title='bbox 1072 2412 1108 2447; x_wconf 85' lang='lat'>1.</span> <span class='ocrx_word' id='word_1_250' title='bbox 1130 2413 1171 2448; x_wconf 90' lang='grc'><strong>2.</strong></span> <span class='ocrx_word' id='word_1_251' title='bbox 1258 2408 1553 2460; x_wconf 73' lang='lat' dir='ltr'>suggestionem.</span> <span class='ocrx_word' id='word_1_252' title='bbox 1585 2406 1654 2450; x_wconf 81' lang='lat' dir='ltr'>Sic</span> 
     </span>
     <span class='ocr_line' id='line_1_33' title="bbox 205 2475 427 2518; baseline 0 0"><span class='ocrx_word' id='word_1_253' title='bbox 205 2475 295 2518; x_wconf 82' lang='lat' dir='ltr'>I‘ar.</span> <span class='ocrx_word' id='word_1_254' title='bbox 324 2482 361 2518; x_wconf 86' lang='lat'>1.</span> <span class='ocrx_word' id='word_1_255' title='bbox 386 2482 427 2518; x_wconf 83' lang='lat'>2.</span> 
     </span>
    </p>
   </div>
   <div class='ocr_carea' id='block_1_9' title="bbox 320 2540 1512 2731">
    <p class='ocr_par' dir='ltr' id='par_1_9' title="bbox 320 2540 1512 2731">
     <span class='ocr_line' id='line_1_34' title="bbox 320 2540 1152 2594; baseline -0.006 -10"><span class='ocrx_word' id='word_1_256' title='bbox 320 2547 358 2594; x_wconf 85' lang='lat'>§.</span> <span class='ocrx_word' id='word_1_257' title='bbox 390 2549 457 2585; x_wconf 83' lang='lat'>16.</span> <span class='ocrx_word' id='word_1_258' title='bbox 517 2541 663 2582; x_wconf 66' lang='lat' dir='ltr'>reddet.</span> <span class='ocrx_word' id='word_1_259' title='bbox 708 2540 798 2583; x_wconf 82' lang='lat' dir='ltr'>Par.</span> <span class='ocrx_word' id='word_1_260' title='bbox 829 2545 865 2582; x_wconf 87' lang='grc'>1.</span> <span class='ocrx_word' id='word_1_261' title='bbox 888 2547 929 2582; x_wconf 82' lang='lat'>2.</span> <span class='ocrx_word' id='word_1_262' title='bbox 964 2540 1152 2580; x_wconf 67' lang='lat' dir='ltr'>redderet.</span> 
     </span>
     <span class='ocr_line' id='line_1_35' title="bbox 321 2606 1089 2664; baseline -0.001 -14"><span class='ocrx_word' id='word_1_263' title='bbox 321 2611 358 2663; x_wconf 59' lang='grc' dir='ltr'>ᾖ.</span> <span class='ocrx_word' id='word_1_264' title='bbox 392 2616 458 2652; x_wconf 86' lang='grc'>18.</span> <span class='ocrx_word' id='word_1_265' title='bbox 517 2628 618 2650; x_wconf 85' lang='lat' dir='ltr'>nom.</span> <span class='ocrx_word' id='word_1_266' title='bbox 643 2626 735 2664; x_wconf 83' lang='lat' dir='ltr'>app.</span> <span class='ocrx_word' id='word_1_267' title='bbox 782 2607 850 2649; x_wconf 82' lang='lat' dir='ltr'>Sic</span> <span class='ocrx_word' id='word_1_268' title='bbox 873 2606 962 2649; x_wconf 78' lang='lat' dir='ltr'>Par.</span> <span class='ocrx_word' id='word_1_269' title='bbox 988 2615 1025 2649; x_wconf 90' lang='lat'>1.</span> <span class='ocrx_word' id='word_1_270' title='bbox 1050 2614 1089 2650; x_wconf 89' lang='lat'>2.</span> 
     </span>
     <span class='ocr_line' id='line_1_36' title="bbox 322 2674 1512 2731; baseline -0.005 -10"><span class='ocrx_word' id='word_1_271' title='bbox 322 2681 360 2731; x_wconf 83' lang='lat'>§.</span> <span class='ocrx_word' id='word_1_272' title='bbox 390 2685 458 2721; x_wconf 84' lang='lat'>20.</span> <span class='ocrx_word' id='word_1_273' title='bbox 516 2677 775 2719; x_wconf 76' lang='lat' dir='ltr'>solicitudine.</span> <span class='ocrx_word' id='word_1_274' title='bbox 805 2675 873 2718; x_wconf 77' lang='lat' dir='ltr'>Sic</span> <span class='ocrx_word' id='word_1_275' title='bbox 901 2675 988 2718; x_wconf 82' lang='lat' dir='ltr'>Par.</span> <span class='ocrx_word' id='word_1_276' title='bbox 1023 2682 1068 2718; x_wconf 77' lang='grc'><strong>1.-</strong></span> <span class='ocrx_word' id='word_1_277' title='bbox 1120 2675 1336 2717; x_wconf 70' lang='lat' dir='ltr'>solitudine</span> <span class='ocrx_word' id='word_1_278' title='bbox 1365 2674 1453 2715; x_wconf 86' lang='lat' dir='ltr'>Par.</span> <span class='ocrx_word' id='word_1_279' title='bbox 1474 2681 1512 2715; x_wconf 85' lang='lat'>2.</span> 
     </span>
    </p>
   </div>
  </div>
 </body>
</html>
