1775 3091
484 240 537 279 ad
569 239 728 293 Quintil.
759 236 890 279 Iustis.
924 237 958 289 Ῑ,
991 238 1029 278 4.
1061 236 1099 292 §.
1132 242 1238 278 18*
1260 240 1326 280 25.
1569 247 1620 282 29

190 352 311 394 Goth.
345 353 484 407 Camp.
517 352 627 394 Sich.
659 353 746 395 Par.
774 357 809 392 1.
835 355 872 392 6.
904 351 975 408 (ἰιι
1006 352 1098 391 edit.
1133 349 1236 391 Pott.
1269 352 1422 393 codices
1443 357 1479 391 1.
1504 358 1540 396 3,
1562 354 1620 405 4.)

190 425 360 461 vel-isim.
408 420 530 461 Amb.
563 427 598 461 1.
630 421 773 477 ficerat
802 422 945 458 retinet
974 419 1061 459 Par.
1085 425 1123 463 2.
1239 430 1441 458 morantur
1480 415 1619 474 Camp,

188 490 294 529 Jens.
329 498 367 528 et
396 492 495 528 aliae
526 489 614 528 edd.
647 497 740 527 vett.
779 496 871 526 ante
911 487 1046 538 Sich.3
1099 503 1180 527 acc.
1213 484 1348 527 Guelf.

298 557 334 608 ξ.
368 561 434 597 23.
493 557 622 610 Atqui
649 557 684 593 si
713 571 751 609 q.
783 556 905 593 etiam
928 553 1029 594 Tur,
1059 553 1164 594 Flor.
1196 552 1317 594 Amb.
1339 560 1375 594 1.
1407 554 1496 595 Par.
1521 561 1557 595 1.
1581 563 1620 596 2.

188 627 226 664 6.
267 623 407 678 Camp.
438 623 546 665 Jens.
574 621 697 663 Tarv.
814 632 849 660 ct
879 630 971 660 ante
1001 622 1202 672 didicerit,
1233 631 1278 662 ut
1308 625 1434 662 voluit
1464 622 1621 674 Bul-nn„

185 706 266 730 mn.
306 690 413 731 Flor.
528 700 563 729 et
606 699 698 729 ante
738 687 906 729 voluerit
946 692 1125 730 inserunt
1166 688 1304 730 Turio.
1349 689 1454 731 Flor.
1498 690 1622 732 Bern.

189 757 328 812 Camp.
359 758 468 799 Jens.
500 755 624 798 Tarv.
655 755 764 797 Ven.
795 754 890 797 Ald.
922 756 1033 797 Sich.
1094 758 1293 811 [conferri
1321 759 1481 808 jubebat
1502 758 1624 812 Spal-

186 827 294 879 ding.
325 823 379 877 ll,
411 831 449 876 3,
484 830 506 866 5
538 835 577 865 et
605 823 664 875 X,
698 830 735 872 5,
774 822 870 876 19.]
985 836 1020 864 ct
1060 842 1104 863 ca
1142 841 1240 879 quae
1268 836 1356 863 sunt
1385 823 1484 866 Tur.
1515 825 1621 867 Flor.

185 892 233 945 (e
271 909 351 948 quo
390 903 524 933 tamen
564 903 651 931 sunt
688 907 771 931 non
807 889 1002 946 memor.)
1042 890 1162 931 Amb.
1196 897 1232 933 1.
1275 891 1408 933 Guelf.
1444 893 1560 934 Voss.
1582 901 1623 936 2.

188 959 309 1001 Goth.
353 960 498 1016 (Gesn.
529 968 604 1000 tac.
636 958 746 1012 sunt)
795 959 934 1014 Camp.
977 964 1084 1001 Jens.
1118 957 1240 1000 Tarv.
1270 969 1310 999 et
1340 961 1430 1001 edd.
1459 972 1622 1015 posterr.

187 1038 279 1068 ante
310 1028 438 1068 Stoer.

297 1096 333 1147 ξ.
374 1096 441 1134 2-1.
509 1093 729 1146 diligentem
777 1093 1006 1148 computabo
1055 1093 1155 1134 Tur.
1209 1093 1315 1136 Flor.
1371 1096 1384 1146 (
1399 1105 1443 1136 ut
1481 1107 1623 1139 vetust.

186 1165 358 1215 exempl.
399 1159 543 1215 Regii)
579 1159 727 1200 Almel.
855 1172 890 1199 ct
929 1171 1020 1200 ante
1062 1164 1229 1215 epicocn.
1273 1166 1464 1204 omittunt
1506 1169 1625 1205 etiam

185 1229 286 1270 Tur.
319 1232 425 1271 Flor.
458 1226 607 1268 Almel.
639 1228 755 1268 Voss.
782 1231 821 1269 2.
856 1227 994 1282 Camp.
1026 1230 1117 1268 fort.
1149 1226 1271 1268 Amb.
1305 1234 1368 1280 1.‚
1410 1247 1503 1270 cum
1533 1234 1622 1273 edd.

187 1299 336 1337 omnib.
378 1305 469 1335 aute
510 1294 687 1350 Gryph.,
735 1311 814 1336 acc.
859 1296 959 1337 Obr.
1034 1315 1036 1317 ·
1074 1306 1140 1334 aut
1180 1306 1272 1336 ante
1312 1298 1480 1337 neutrali
1507 1302 1624 1340 inser.

187 1365 276 1404 edd.
319 1373 410 1403 ante
452 1362 615 1411 Burm.,
668 1374 866 1418 quantum
910 1365 1051 1415 video,
1113 1377 1274 1414 omnes3
1332 1365 1393 1404 his
1432 1369 1628 1407 accedunt

187 1430 286 1471 Tur.
317 1430 422 1471 Flor.
453 1430 591 1484 Camp.
625 1432 714 1471 forr.
745 1430 866 1471 Amb.
894 1435 955 1480 1.‚
997 1432 1106 1470 haud
1136 1430 1256 1471 dubie
1288 1434 1377 1483 alii,
1427 1444 1472 1474 ut
1503 1433 1625 1475 Goth.

186 1503 300 1540 Voss.
335 1504 371 1538 1.
488 1515 621 1538 sexu-³.
682 1498 781 1539 Obr.
815 1500 875 1538 ed.
909 1515 1017 1538 secus
1057 1500 1192 1553 (haud
1231 1501 1349 1539 dubie
1381 1517 1432 1541 ex
1457 1499 1626 1555 Argent.

187 1566 329 1620 cod.)3
359 1569 416 1606 ita
444 1564 552 1605 Alm.
577 1563 705 1616 Tur-,3
744 1567 812 1605 sed
829 1565 950 1606 Amb.
974 1571 1009 1607 1.
1041 1571 1245 1621 vulgatam
1271 1577 1418 1609 tuetur.
1478 1571 1628 1623 [notae

186 1644 340 1687 exeget.
374 1635 474 1673 adde
506 1635 780 1673 laudationem
810 1637 890 1674 loci
920 1633 1094 1685 Quintil.
1113 1633 1194 1686 IX,
1227 1640 1266 1686 3,
1292 1635 1360 1687 6].
1475 1636 1564 1689 ille,
1604 1653 1628 1678 a

187 1702 326 1743 Burm.
370 1711 409 1741 et
453 1700 688 1754 Spaldingio
733 1703 1020 1753 desideratum,
1071 1712 1242 1756 praestat
1281 1700 1402 1744 Amb.
1435 1709 1473 1744 1.
1545 1707 1625 1758 [cf.

186 1770 367 1810 Prooem.
389 1772 482 1808 libri
501 1767 616 1820 VIII,
645 1775 668 1809 3
695 1772 843 1823 per-iius
873 1769 917 1808 il
925 1769 942 1808 l
949 1787 969 1807 c
994 1780 1236 1824 praeceptor.
1296 1769 1485 1821 Ejusdem
1514 1773 1629 1812 codi-

187 1841 241 1878 cis
272 1840 503 1877 auctoritate
534 1839 655 1875 etiam
682 1839 752 1876 lib.
781 1835 877 1888 VII,
903 1837 943 1887 4,
965 1841 1017 1877 37
1047 1839 1189 1876 itidem
1218 1840 1494 1891 importunum
1523 1839 1629 1879 mille

187 1909 255 1946 fiet
283 1904 419 1955 illam]

301 1964 336 2026 ξ.
371 1976 438 2013 25.
496 1971 584 2012 Ηοο
613 1973 725 2022 loco,
767 1971 989 2011 editionum
1018 1974 1355 2024 aberrationibus,
1404 1988 1507 2028 quae
1532 1975 1628 2014 infi-

188 2044 296 2081 nitae
326 2048 443 2091 sunt,
460 2054 462 2058 ’
479 2041 652 2090 omissis,
705 2039 888 2078 codicum
916 2042 1121 2079 varietates
1153 2050 1329 2080 enotasse
1358 2044 1538 2082 sufficiet.

189 2120 230 2148 ut
262 2117 353 2148 ante
387 2123 484 2161 quae
512 2122 591 2146 om.
623 2109 744 2146 etiam
769 2104 870 2146 Tur.
900 2106 1005 2146 Flor.
1039 2104 1162 2148 Goth.
1192 2107 1310 2148 Voss.
1336 2112 1373 2148 1.
1400 2115 1440 2149 2.
1463 2114 1501 2150 3.
1532 2110 1625 2151 Par.

192 2182 229 2217 1.
253 2182 292 2216 2.
315 2180 352 2215 6.
397 2173 562 2228 Gamp.‚
612 2183 650 2213 et
686 2176 785 2213 aliae
824 2175 915 2214 edd.
956 2183 1047 2214 aute
1084 2173 1186 2214 Bad.
1306 2173 1502 2216 Ciceronis
1534 2187 1627 2218 aute

190 2243 321 2300 Rufos
347 2245 466 2282 inser.
498 2243 588 2283 edd.
620 2242 713 2280 inde
744 2256 768 2281 a
796 2240 925 2282 Stoer.
956 2256 1081 2296 usque
1105 2242 1157 2280 ad
1184 2241 1350 2294 Burm.3
1390 2259 1469 2283 om.
1500 2242 1624 2286 Goth.

189 2309 290 2351 Tur.
321 2310 426 2350 Flor.
469 2308 558 2350 Par.
594 2313 630 2349 6.
677 2308 816 2363 Camp.
848 2312 929 2349 alii.
990 2307 1136 2363 (Amb.
1164 2314 1201 2350 1.
1237 2314 1373 2350 omnia
1399 2314 1546 2352 omittit
1575 2315 1626 2353 ab

190 2379 276 2418 his:
307 2388 348 2416 ut
375 2393 473 2432 quae
499 2392 624 2431 usque
655 2377 705 2415 ad
740 2375 939 2416 Cicerones
952 2376 982 2430 ).
1042 2387 1083 2415 ut
1100 2385 1192 2417 ante
1211 2375 1342 2433 Rufos
1363 2380 1439 2418 ins.
1468 2377 1560 2420 Par.
1579 2387 1621 2421 2.

193 2447 283 2485 edd.
324 2454 419 2485 vett.
467 2447 632 2483 multae.
698 2453 740 2482 ut
777 2443 967 2483 Allobros
1010 2442 1145 2484 Cicero
1182 2442 1313 2500 szfos
1349 2443 1439 2485 Par.
1473 2450 1512 2485 1.
1554 2445 1626 2500 (ut

191 2512 310 2552 Voss.
343 2516 379 2551 1.
418 2511 539 2564 fere).
654 2511 846 2562 ubi‘1erit5
890 2513 947 2551 ita
984 2512 1104 2550 etiam
1135 2508 1273 2552 Turio.
1305 2511 1423 2552 Voss.
1444 2517 1484 2554 2.
1514 2512 1623 2554 Flor.

192 2579 282 2621 Par.
309 2583 346 2618 1.
364 2584 404 2618 2.
427 2582 465 2618 6.
496 2575 616 2618 Amb.
641 2583 677 2618 1.
711 2576 850 2631 Camp.
882 2578 972 2618 edd.
1005 2587 1101 2618 vett.
1131 2581 1358 2634 pleraeque.
1471 2590 1514 2619 ut
1531 2590 1624 2621 ante

193 2647 328 2687 Sullae
365 2661 444 2685 om.
488 2648 608 2685 etiam
643 2643 743 2685 Tur.
772 2645 879 2686 Flor.
909 2644 998 2685 Par.
1029 2650 1067 2685 1.
1096 2650 1136 2687 2.
1160 2651 1196 2686 6.
1231 2645 1370 2701 Camp.
1401 2656 1441 2687 et
1469 2657 1622 2688 ceterae

195 2716 283 2756 edd.
316 2723 407 2755 ante
429 2712 568 2755 Burm.
599 2727 759 2764 omnes,
801 2714 893 2753 fort.
922 2710 1043 2753 Amb.
1069 2716 1106 2754 1.
1164 2712 1337 2768 Burs-7235
1377 2714 1490 2755 burri
1518 2712 1619 2760 ,Tur-
