1775 3091
241 309 292 345 98
667 298 845 353 Supplem
851 314 891 337 cn
897 309 936 337 ta
980 302 1239 339 annotationis

241 421 370 471 priore
393 423 548 455 tantum
569 413 680 466 loco)
712 409 831 451 Amb.
852 417 891 452 2.
922 411 1039 455 Voss.
1059 419 1097 453 2.
1120 417 1157 453 3.
1190 411 1310 453 Goth.
1331 411 1429 452 Ald.
1453 410 1584 452 Colin.

241 486 414 525 Aris-iot.
436 485 502 536 qni
530 481 637 520 dicit.
695 479 771 518 Ar.
806 479 907 528 dic..
951 496 1029 520 om.
1062 485 1155 535 qui,
1196 483 1315 520 etiam
1343 480 1448 520 Flor.
1481 479 1603 519 Amb.
1628 484 1665 519 2.

242 553 362 593 Paris.
395 556 433 590 1.
462 556 501 591 2.
524 553 561 590 5.
621 547 698 586 dic.
729 546 804 586 Ar.
842 545 981 601 Camp.

352 621 386 671 ξ.
419 617 482 658 14.
541 625 689 654 nonest
709 618 851 655 oratio.
890 614 1109 669 Her-mag.‚·
1163 632 1237 655 non
1267 627 1332 656 cst.
1367 614 1506 655 Oratio
1531 617 1668 654 Herm.

242 688 377 728 Turio.
413 686 573 736 Camp.3
615 685 656 720 in
688 683 764 722 hac
791 692 878 736 post
901 683 1038 723 Herm.
1070 684 1227 724 additur
1256 695 1335 732 cst,
1385 692 1430 722 ut
1459 685 1503 721 in
1533 681 1668 721 Turio.

243 773 262 795 a
293 772 369 795 sec.
401 769 455 792 m.
570 767 645 789 non
684 750 821 789 iisdem
856 762 993 790 tamen.
1054 769 1091 792 n.
1123 755 1149 791 i.
1183 763 1329 790 mnium
1367 759 1425 790 est
1461 753 1503 788 in
1535 747 1668 789 Guelf.

241 824 341 864 Obr.
374 821 537 869 Bur1n.;
578 817 714 857 Turio.
745 817 849 858 Flor.
881 816 1001 858 Amb.
1028 820 1063 859 1.
1095 822 1283 869 silentur,
1323 819 1430 858 tmde
1463 820 1529 867 fit,
1569 819 1671 855 utin

240 894 301 930 his
330 891 438 928 idem
467 902 549 925 esse
577 888 806 938 suspiceris;
858 895 915 925 est
953 889 1072 926 etiam
1112 890 1155 924 in
1183 885 1296 926 Ahn.
1356 885 1518 925 Potfier.
1546 894 1671 922 tamen.

238 962 281 996 in
309 957 432 997 Paris.
458 961 496 995 2.
519 959 557 993 3.
618 963 766 992 rantum
795 956 838 992 in
866 953 987 993 Paris.
1011 959 1046 992 1.
1075 958 1111 994 5.
1143 956 1223 1007 legi
1252 955 1382 992 tradit·

350 1039 386 1086 ᾗ.
421 1039 485 1073 16.
545 1031 710 1071 dicendi.
770 1030 891 1071 Amb.
928 1037 964 1071 1.
1003 1034 1216 1072 rectissime
1254 1030 1430 1079 videndi,
1470 1037 1516 1069 ut
1545 1030 1672 1069 voluit

238 1106 376 1159 Spald.
408 1117 500 1142 cum
529 1099 932 1139 Pseudo-Turnebo.
1049 1098 1142 1153 quid
1164 1101 1215 1137 in.
1270 1097 1452 1153 quicquid
1473 1100 1513 1136 in
1534 1096 1671 1136 Turio.

237 1190 259 1213 a
288 1188 363 1212 sec.
394 1185 446 1208 m.
494 1167 633 1219 Camp.
676 1167 802 1214 Obr.,
851 1177 1097 1220 repugnante
1137 1165 1263 1206 Amb.
1301 1171 1336 1205 1.
1455 1164 1669 1204 Patrocles.

235 1237 440 1279 Latrocles
468 1235 594 1276 Amb.
616 1241 654 1275 2.
681 1234 819 1286 Camp.
841 1233 958 1274 Voss.
984 1240 1019 1274 1.
1043 1240 1079 1274 3.
1199 1234 1439 1273 Theodorus.
1492 1231 1672 1271 Eudorus

235 1311 356 1347 etiam
375 1304 499 1344 Amb.
524 1310 561 1344 2.
595 1302 716 1342 Paris.
741 1308 778 1341 2.
842 1300 1034 1341 Euclorus
1058 1301 1288 1341 Theodorus
1305 1304 1509 1353 conjungit
1530 1299 1668 1351 Camp.

319 1370 530 1426 eloquendi.
581 1369 659 1423 loq.
690 1368 815 1408 Amb.
842 1373 878 1407 1.
990 1372 1178 1408 oratione.
1225 1372 1374 1408 ratione
1396 1378 1564 1422 utroque
1583 1370 1671 1407 loco

236 1444 355 1482 etiam
396 1438 521 1479 Amb.
548 1442 583 1476 1.
620 1451 642 1475 a
668 1452 726 1489 pr.
761 1451 817 1475 111.
879 1433 988 1487 [Sed
1018 1439 1145 1475 obstat
1172 1445 1307 1476 tamen
1338 1438 1551 1492 quominus
1580 1449 1672 1475 cum

233 1508 468 1562 Spaldingio
497 1507 636 1558 probes
667 1504 818 1553 adjecta
848 1506 1084 1555 praepositio
1116 1505 1200 1555 im]

346 1587 381 1637 ᾗ.
402 1582 479 1624 '17.
537 1581 866 1638 persuadentibus,
927 1581 1172 1620 suadentibus
1217 1581 1352 1622 Turio.
1397 1581 1504 1622 Flor.
1544 1579 1669 1621 Ajnb.

235 1661 273 1696 1.
294 1660 333 1694 2.
366 1650 489 1692 Goth.
521 1650 638 1690 Voss.
664 1656 702 1689 2.
737 1647 873 1701 Camp.
908 1657 945 1687 et
974 1658 1137 1701 posterr.
1173 1658 1263 1688 ante
1297 1648 1435 1689 Colin..

205 1617 211 1643 k

341 1735 376 1780 §.
414 1735 478 1770 18.
541 1728 767 1777 Platonem,
813 1726 1083 1781 persuadendi.
1157 1726 1261 1767 Plat.
1306 1728 1495 1768 suadendi
1532 1728 1664 1767 Turio.

230 1799 344 1839 Alm.
386 1796 490 1836 Flor.
533 1794 653 1836 Amb.
685 1799 721 1834 1.
751 1799 791 1835 2.
833 1791 965 1834 Guelf.
1006 1792 1128 1834 Goth.
1169 1794 1310 1849 Camp.
1349 1796 1458 1836 Jens.
1499 1803 1538 1834 et
1565 1803 1665 1848 post.

232 1874 323 1905 ante
354 1863 486 1905 Colin.

342 1945 376 1994 §.
412 1948 476 1983 19.
534 1939 713 1980 Critolai.
775 1939 943 1980 Crimlai
971 1941 1106 1982 Turio.
1146 1956 1168 1980 a
1198 1957 1256 1994 pr.
1284 1956 1340 1981 m.
1381 1940 1486 1981 Flor.
1598 1957 1667 1996 per

231 2014 456 2051 orationem.
512 2026 583 2063 per
611 2018 759 2061 operat.
795 2005 932 2048 Guelf.
963 2019 1002 2049 et
1030 2024 1166 2062 margo
1199 2008 1308 2048 Sich.

342 2089 378 2140 ᾧ.
410 2093 476 2129 20.
537 2087 585 2125 ab
607 2086 678 2125 his.
737 2085 787 2123 ab
816 2088 866 2124 iis
896 2086 1031 2129 Turio.
1065 2097 1103 2127 et
1135 2097 1229 2127 vett.
1260 2090 1342 2126 fere
1372 2088 1462 2127 edd.

339 2167 374 2217 ξ.
404 2171 470 2205 21.
530 2168 597 2219 qni
625 2165 731 2203 haec.
791 2162 858 2204 Sic
889 2168 1008 2204 etiam
1040 2164 1145 2205 Flor.
1165 2164 1285 2205 Amb.
1309 2171 1345 2204 1.
1370 2164 1513 2218 Camp.
1569 2163 1665 2205 Pot-

230 2235 388 2273 tierium
416 2247 558 2285 parum
587 2235 791 2283 intelligo,
832 2235 903 2285 qui
933 2247 1026 2271 cum
1053 2233 1236 2271 edidisset
1266 2235 1333 2285 qui
1361 2231 1456 2279 lzoc,
1485 2235 1529 2270 in
1546 2235 1664 2272 variis

227 2302 463 2339 lectionibus
501 2301 678 2351 scripsit:
727 2302 814 2350 lege
851 2301 918 2352 qui
957 2299 1052 2338 hacc
1089 2314 1183 2338 cum
1213 2298 1354 2352 Camp.
1386 2314 1457 2352 pro
1486 2301 1551 2354 qui
1577 2300 1661 2339 hoe.

228 2363 351 2406 Paris.
383 2372 419 2406 1.
442 2373 478 2406 2.
506 2371 543 2406 5.
585 2375 631 2405 ut
661 2374 766 2404 certo
800 2366 930 2404 dicere
964 2381 1161 2420 nequeas,
1200 2375 1336 2406 utnun
1367 2369 1410 2404 in
1438 2368 1522 2405 istis
1551 2369 1660 2406 libris

227 2434 395 2484 legatur.
512 2435 776 2471 cummium-ix.
823 2436 1055 2472 nunciam-ix
1080 2442 1236 2486 praeter
1255 2443 1492 2473 memoratos
1511 2434 1661 2473 habent

229 2497 349 2539 Amb.
374 2505 409 2540 1.
439 2508 475 2541 2.
507 2500 643 2540 Turio.
670 2499 791 2539 Paris.
817 2504 852 2538 1.
877 2499 1021 2552 Camp.
1136 2500 1287 2539 decente
1315 2511 1467 2541 ornatu.
1525 2500 1660 2539 decen-

230 2566 279 2600 iis
300 2577 457 2604 ornatus
479 2564 599 2605 Amb.
625 2572 661 2605 1.
774 2569 1016 2606 mensionem.
1066 2570 1290 2606 mentionem
1315 2566 1435 2608 Aan.
1461 2572 1524 2618 1.;
1556 2567 1658 2605 illud

229 2632 372 2669 retinet
417 2631 552 2672 Tui-ic.
642 2632 977 2685 [Verisimillima
1032 2635 1190 2674 videtur
1235 2635 1378 2675 Vallae
1431 2633 1654 2672 emendatio

230 2695 432 2735 secundum
461 2701 730 2747 inventionem,
768 2700 837 2738 sed
867 2708 910 2738 ut
944 2703 995 2738 sit
1031 2715 1114 2740 nou
1144 2711 1231 2754 post
1259 2703 1556 2750 inventionem,
1586 2700 1654 2739 sed

231 2771 371 2804 ornatu
409 2765 705 2806 accommodato
746 2766 794 2806 ad
832 2780 890 2805 res
919 2767 1146 2822 inventas]
1260 2771 1351 2820 ejus.
1410 2770 1489 2806 eris
1517 2766 1651 2808 Turio.
