1775 3091
189 241 271 279 208
641 234 912 293 supplementa
941 235 1204 277 annotationis

187 350 322 407 aliqua
349 352 407 390 ita
431 349 512 392 cles.
559 348 668 390 Flor.
697 347 788 388 Par.
814 337 858 389 '2.
887 358 992 404 quot.
1021 347 1136 389 aliter
1161 350 1218 388 ita
1244 351 1331 405 ipsa
1357 349 1436 392 des.
1494 349 1623 392 Amb-

191 425 230 461 1.
270 420 397 459 omitt.
436 418 583 471 aliqua.
696 425 732 453 et
763 417 827 456 iis-
884 414 1009 458 Amb.
1041 421 1078 457 1.
1119 414 1231 458 sich-
1268 428 1304 456 et
1332 418 1407 458 his.
1520 417 1624 472 quod

186 504 264 528 non
287 503 369 526 arr.
420 484 520 525 Obr.
549 484 676 523 omitt.
705 499 794 523 non.
900 485 992 538 quia
1021 493 1121 524 sunt.
1169 483 1305 529 ¹Amb.
1321 491 1361 527 2.
1393 484 1514 526 Bem.
1547 501 1625 539 qua

186 566 287 596 sunt.
400 551 624 606 quibuscum
658 552 732 603 egi.
789 548 925 591 Turio.
950 565 973 590 a
991 565 1050 605 pr.
1067 566 1122 592 m.
1152 549 1260 593 Flor.
1290 551 1414 594 Amb.
1437 559 1478 594 2.
1508 569 1545 608 q.
1576 553 1624 593 ei.

188 622 324 665 Guelf.
352 638 390 675 q.
419 634 498 672 ego.
610 619 784 657 mentiar.
839 617 948 659 Flor.
978 634 1123 674 quoque
1149 622 1327 660 mentior.
1387 621 1468 674 [De
1499 635 1625 675 quan-

185 702 373 743 tacunque
399 700 470 739 pro
508 684 839 740 quantulacunque
867 688 918 726 cf.
948 688 1068 725 etim
1100 684 1182 727 Cic.
1213 702 1253 740 p.
1281 685 1412 728 Arch.
1440 703 1472 728 c.
1505 687 1566 739 6.]

299 757 331 808 §.
351 759 416 795 87.
466 764 492 792 t.
515 769 591 792 non
615 753 1042 807 saepius—oportebit.
1087 752 1260 796 Amb.1.
1286 771 1361 794 non
1387 754 1430 794 id
1456 771 1626 809 nvn—op.

187 825 315 880 [unde
346 825 453 875 origo
475 823 691 874 scripturae
711 817 913 860 Almelov.
946 829 985 860 et
1006 819 1141 860 Turio.
1169 823 1212 861 fit
1230 822 1456 874 manifesta]
1497 821 1624 862 Amb.

182 899 223 934 2.
253 892 339 932 Par.
354 895 436 930 1.2.
448 893 485 930 5.
515 891 650 929 omnia
672 888 771 928 haec
788 890 908 927 verba
931 896 1021 927 ante
1048 888 1238 941 oportebit
1267 893 1469 931 omittunt.
1513 887 1625 930 Sioh.

183 975 258 999 non
287 974 319 997 ε.
337 956 383 1013 fl
415 956 499 995 alia
529 972 570 994 re
598 955 801 1010 oportebit.
898 971 1115 1010 sequamur.
1167 953 1290 996 Goth.
1312 967 1527 1011 sequantur.

182 1029 390 1080 signatum.
448 1023 580 1065 Colin.
622 1028 874 1077 resignatum.
986 1024 1185 1077 optimum.
1235 1022 1347 1064 Sunt.
1412 1022 1481 1065 Sic
1503 1025 1626 1064 etiam

180 1093 305 1135 Aan.
326 1098 364 1133 2.
393 1091 501 1132 Flor.
533 1107 556 1131 a
583 1108 643 1146 pr.
665 1107 721 1131 m.
751 1091 868 1132 Alm.
895 1090 986 1132 Par.
1012 1095 1051 1131 5.
1111 1101 1365 1144 opportunum
1407 1102 1477 1131 est.
1525 1090 1625 1130 Suu!

180 1161 268 1203 Par.
295 1167 330 1202 1.
391 1158 603 1212 Singulare
630 1159 781 1215 aliquid
810 1158 933 1198 habet
959 1155 1086 1198 Amb.
1110 1162 1147 1197 1.
1178 1159 1380 1211 optimum,
1407 1157 1544 1213 palam
1569 1169 1625 1197 est

182 1232 280 1268 enim
303 1228 570 1283 praecessisse,
602 1238 688 1266 sunt
718 1236 790 1267 cet.
847 1224 985 1265 Verba
1011 1224 1144 1264 addita
1172 1227 1351 1280 quamvis
1373 1226 1505 1266 deesse
1531 1241 1625 1280 pos-

179 1300 272 1348 sint,
302 1311 387 1335 nou
414 1296 576 1348 sapiunt
605 1303 740 1334 tamen
771 1295 990 1334 librarium.

293 1366 328 1415 ξ.
369 1367 437 1402 88.
492 1378 614 1415 genus
650 1372 718 1401 est.
785 1360 853 1402 Sic
886 1363 1005 1400 etiam
1038 1359 1174 1413 Flor.,
1214 1369 1254 1402 et
1282 1359 1411 1401 Colin.
1441 1375 1493 1400 ex
1531 1361 1623 1402 edd.

180 1440 272 1471 ante
303 1428 458 1484 Gryph.
576 1428 798 1481 anuvarnr.
856 1426 990 1469 Guelf.
1014 1430 1194 1481 juvatur.
1309 1431 1566 1468 commiserat.

180 1497 317 1540 Guelf.
345 1496 471 1536 Aan.
486 1501 526 1536 2.
559 1498 806 1535 commz'.‹·:rn'f.
910 1495 1167 1536 Interamnae.
1215 1494 1320 1534 Flor.
1350 1499 1621 1535 interr-ammae.

236 1563 359 1606 Goth.
399 1566 636 1602 inser-annac.
676 1561 811 1602 ''JCAS
851 1561 1095 1602 ‚Tau-rannac.
1241 1562 1433 1602 tuendum.
1508 1561 1618 1602 Jens.

112 1671 114 1673 ,
177 1632 278 1674 Loc.
310 1632 420 1671 Ven.
460 1630 695 1669 intuendum..
823 1629 916 1669 clici.
980 1627 1114 1668 Guelf.
1155 1628 1258 1669 duci.
1316 1630 1553 1684 [Uberrima
1574 1630 1623 1669 de

179 1702 258 1741 hoc
298 1698 428 1739 colore
464 1697 677 1750 disputatio
714 1706 768 1736 εμὲ
799 1696 886 1738 Nic.
923 1695 1043 1736 Fabri
1070 1698 1121 1737 ad
1150 1697 1295 1739 Senec.
1333 1706 1435 1751 patr.
1474 1713 1513 1751 p.
1552 1699 1620 1739 69.

177 1764 403 1822 Spalding]

291 1837 329 1885 §.
376 1836 446 1873 89.
512 1840 801 1884 utrumcunque.
859 1830 967 1873 Jens.
1002 1829 1103 1873 Loc.
1142 1831 1250 1873 Ven.
1291 1842 1503 1887 uirumque.

171 1895 382 1959 fingemus.
452 1897 519 1939 Sic
555 1900 676 1938 etiam
709 1896 818 1938 Flor.
857 1913 989 1953 neque
1020 1915 1071 1940 ex
1103 1898 1225 1939 Amb.
1257 1905 1293 1941 1.
1331 1902 1546 1955 quicquam
1575 1901 1624 1964 {ab

179 1969 457 2013 Obrechtiana
483 1968 677 2019 scriptura
698 1965 898 2005 diversum
923 1975 1095 2006 notatur.
1199 1966 1237 2007 si
1256 1970 1463 2021 continget.
1496 1966 1622 2008 Aan.

178 2044 218 2079 1.
250 2037 413 2091 (partim
445 2049 467 2073 a
499 2049 580 2074 sec.
607 2031 682 2088 m.)
711 2047 873 2088 quoque
903 2036 939 2072 si
966 2036 1184 2087 contigerit,
1216 2050 1309 2074 cum
1334 2034 1424 2075 Par.
1442 2040 1477 2075 1.
1502 2050 1524 2074 a
1542 2050 1622 2074 sec.

174 2122 231 2146 m.
268 2104 376 2145 Flor.
416 2119 437 2142 a
468 2118 524 2156 pr.
552 2116 608 2141 m.
648 2102 684 2139 si
726 2103 893 2139 continet
928 2104 1041 2154 gerit.
1097 2100 1232 2143 Guelf.
1273 2102 1390 2143 Voss.
1420 2106 1458 2141 3.
1500 2101 1622 2140 Bern.

177 2172 298 2215 Goth.
325 2171 438 2210 Vall.
473 2169 574 2209 Bad.
613 2170 673 2206 sic
707 2169 915 2220 continget.
979 2167 1109 2209 Colin.
1149 2168 1304 2224 Gryph.
1343 2171 1379 2208 .ςί
1407 2170 1622 2221 contingat.

287 2241 405 2279 etiam
433 2253 557 2276 verae.
611 2233 718 2275 Edd.
757 2250 779 2273 a
818 2233 945 2274 Stoer.
984 2236 1078 2274 inde
1117 2246 1208 2276 ante
1246 2234 1356 2277 Gibs.
1390 2238 1528 2276 inserr.
1567 2245 1623 2275 ui.

176 2307 285 2350 Gibs.
331 2309 449 2346 etiam
484 2321 587 2344 vere.
714 2300 818 2356 quod
853 2304 911 2357 fit
950 2304 990 2340 in
1027 2319 1160 2344 causa.
1221 2302 1329 2344 Flor.
1370 2318 1533 2357 quoque
1578 2316 1624 2342 ο-

173 2380 276 2418 mitt.
303 2377 378 2431 fit.

292 2443 331 2493 §.
361 2447 427 2483 90.
485 2437 646 2479 accidit.
704 2435 840 2476 Etiam
869 2433 996 2476 Amb.
1023 2441 1059 2476 1.
1083 2443 1120 2477 2.
1148 2435 1252 2477 Flor.
1290 2436 1380 2477 Par.
1404 2442 1439 2478 3.
1461 2443 1499 2478 5.
1530 2451 1623 2476 cum

176 2512 267 2550 edd.
303 2525 366 2562 ap.
397 2508 536 2548 Burm.
567 2504 732 2545 excidit.
789 2501 930 2555 [Quod
957 2513 1116 2557 propter
1139 2507 1413 2544 auctoritatem
1437 2505 1620 2544 codicum

174 2577 450 2631 recipiendum
477 2575 635 2614 videtur
669 2581 708 2611 et
736 2572 1022 2623 explicandum
1043 2573 1091 2610 de
1124 2574 1315 2612 obliviosa
1340 2573 1620 2611 mentientium

174 2644 400 2695 memoria.]
506 2640 698 2696 quaedam
726 2639 952 2693 enim'part.
1007 2638 1215 2679 Omittunt
1244 2642 1342 2678 enim
1372 2641 1491 2677 etiam
1510 2635 1612 2675 Flor.

173 2710 299 2753 Amb.
330 2717 370 2752 2.
401 2710 492 2752 Par.
516 2714 554 2750 1.
571 2713 611 2751 2.
638 2711 680 2749 5.
708 2704 821 2747 Sich.
937 2722 984 2745 ne
1008 2709 1072 2746 iis.
1119 2705 1246 2747 Amb.
1272 2711 1309 2747 1.
1341 2703 1476 2746 Guelf.
1503 2701 1615 2745 Sich.

1762 2492 1775 2612 ⁴

1757 2704 1775 3091 5
