1775 3091
355 233 406 274 acl
439 231 602 287 Quintil.
634 230 764 273 Instit.
799 231 857 284 X,
891 236 927 271 1.
965 230 1001 284 §.
1035 230 1232 270 51—88.
1436 231 1515 271 415

184 349 221 398 §.
255 352 319 388 66.
381 349 587 402 [primum.
639 345 800 399 Corrige
817 346 966 398 primus
977 374 989 392 ‚
1028 346 1129 384 sicut
1149 345 1241 382 libri
1262 342 1358 382 editi
1380 357 1517 384 omnes

71 416 260 468 habent.]
757 454 760 458 ,

184 486 220 536 §.
255 489 320 524 68.
381 494 416 522 et
439 486 479 522 in
499 499 612 522 scr-m.
654 480 744 521 Par.
768 485 805 519 1.
833 494 911 519 om.
936 481 988 518 in.
1048 478 1138 519 Par.
1162 484 1201 519 2.
1224 492 1303 518 om.
1328 481 1434 518 etin.

71 552 174 604 quod
194 554 266 606 ips,
306 551 395 592 Par.
422 556 458 590 1.
485 557 523 590 2.
551 565 626 603 quo
648 551 674 587 i.

183 621 218 669 §.
252 624 316 659 69.
376 617 435 658 H.
468 628 503 655 ct
529 616 760 655 admiratus.
800 613 890 654 Par.
915 619 954 655 2.
979 629 1056 654 sec.
1076 628 1132 653 m.
1155 628 1234 653 om.
1258 623 1307 652 et.
1365 612 1454 653 Par.
1482 618 1518 653 1.

71 696 107 723 et
126 685 393 725 admirandus.
481 695 516 723 et
535 695 654 723 secut.
693 683 784 723 Par.
812 687 850 722 1.
877 688 916 722 2.
947 685 1067 721 inser.
1091 698 1186 720 cum.

182 755 218 805 §.
250 757 317 793 70.
372 763 526 807 putant.
567 751 634 792 Sic
654 751 744 792 Par.
770 756 806 790 1.
832 756 871 791 2.
934 750 1114 803 [Locroe
1131 749 1386 788 scribendum
1406 750 1521 789 vide-

68 829 156 871 tur,
196 824 298 860 sicut
330 822 437 874 apud
467 819 702 860 Ciceronem
730 822 774 858 in
804 817 923 859 Verr.
952 815 1030 865 IV,
1071 822 1094 856 3
1149 816 1409 871 Canephoroe.
1456 816 1518 858 Cf.

70 897 225 941 praeter
244 886 364 928 Conr.
385 888 624 928 Schneideri
645 886 823 927 Gramm.
843 884 934 926 Lat.
957 902 997 939 p.
1024 891 1076 925 82
1098 888 1257 924 alterius
1281 884 1521 924 Schneideri

74 954 246 995 Saxonis
269 966 405 995 annot.
429 957 480 995 ad
501 955 736 996 Vitruvium
752 953 828 1003 IV,
845 960 881 1006 1,
901 960 926 995 2
947 963 985 994 et
1006 951 1084 1005 IV,
1097 958 1135 1004 8,
1150 959 1171 992 1
1195 962 1236 994 et
1256 952 1520 1006 Oudendorp.

73 1024 123 1062 ad
140 1021 295 1064 Lucan.
311 1022 386 1075 HI,
410 1024 528 1076 1SO.]

186 1095 221 1142 §.
253 1097 322 1132 71.
383 1092 512 1132 decor.
556 1090 623 1131 Sic
643 1090 733 1131 Par.
758 1096 795 1130 1.
822 1096 862 1131 2.

185 1163 220 1210 §.
253 1166 320 1200 72.
380 1170 421 1198 ut
439 1162 590 1214 pravi&
631 1158 697 1198 Sic
717 1158 807 1199 Par.
835 1163 874 1198 3.
921 1168 963 1196 ut
980 1172 1102 1212 prave
1130 1156 1221 1198 Par.
1248 1162 1287 1197 2.
1349 1159 1524 1210 quamvis

70 1243 193 1281 prave
213 1228 304 1268 Par.
330 1233 369 1268 1.
456 1239 595 1266 tamen.
639 1225 706 1266 Sic
725 1226 815 1266 Par.
841 1231 878 1266 1.
900 1232 940 1267 2.

184 1298 219 1348 ξ.
251 1301 318 1335 73.
366 1295 505 1352 fitsns.
546 1294 635 1335 Par.
660 1300 698 1334 1.
721 1300 761 1334 2.
783 1294 942 1348 cffitsus.

187 1366 222 1416 ξ.
255 1365 322 1404 74.
385 1366 598 1402 eximatur.
646 1361 714 1402 Sic
746 1361 836 1401 Par.
862 1368 901 1402 2.
923 1377 999 1402 sec.
1022 1377 1076 1401 m.
1099 1363 1353 1400 existimatur
1371 1360 1461 1401 Par.
1487 1366 1524 1400 1.

187 1433 224 1481 §.
257 1436 324 1472 75.
387 1431 461 1470 lzoc
483 1441 538 1469 cst
563 1431 636 1470 vcl.
685 1430 775 1469 Par.
804 1435 841 1469 1.
872 1435 911 1469 2.
937 1429 1000 1468 vel
1018 1430 1104 1468 ἧος.

185 1503 221 1551 §.
252 1504 320 1539 76.
378 1509 419 1537 ut
443 1515 540 1537 cum.
594 1497 662 1536 Sic
692 1495 783 1535 Par.
810 1502 847 1535 1.
869 1502 909 1536 2.

185 1571 220 1619 §.
253 1571 321 1607 79.
381 1575 647 1620 compararat.
689 1563 756 1604 Sic
777 1563 868 1604 Par.
894 1569 934 1604 2.
995 1573 1200 1617 comparat
1218 1561 1309 1603 Par.
1337 1568 1375 1604 1.

185 1635 221 1685 §0
254 1639 321 1674 81.
380 1633 540 1672 oraculo
557 1635 774 1670 instinctus.
813 1629 999 1683 [Geelius
1021 1633 1065 1667 iu
1082 1633 1184 1668 libro
1206 1632 1369 1670 laudato
1390 1647 1430 1683 p.
1445 1636 1527 1672 278

74 1705 225 1754 mirum
254 1704 330 1740 sibi
359 1701 485 1740 videri
517 1703 595 1749 ait,
646 1699 754 1752 quod
793 1699 960 1736 editores
992 1699 1231 1736 recentiores
1264 1713 1315 1737 ex
1344 1699 1529 1737 codicum

75 1772 247 1821 vestigiis
278 1783 362 1807 non
393 1769 669 1806 intellexerint
697 1764 857 1804 oraculo
890 1763 971 1801 slei
1005 1766 1210 1802 instinctus
1243 1780 1324 1804 esse
1351 1769 1529 1805 scriben-

78 1838 186 1876 dum.
246 1835 341 1874 Esse
361 1839 470 1874 enim
493 1838 614 1874 etiam
632 1837 676 1872 in
696 1831 813 1872 Leid.
836 1831 890 1871 A.
916 1831 1077 1870 oraculo
1099 1831 1161 1869 dei
1183 1834 1431 1886 instructus]

53 1892 62 1897 ι
187 1906 222 1956 §.
255 1909 322 1943 82.
383 1902 494 1941 illam
512 1901 667 1954 jucund.
709 1900 775 1940 Sic
799 1900 888 1940 Par.
915 1903 1006 1939 1.2.
1065 1901 1306 1954 sernufinx.
1335 1900 1405 1942 Gr.
1436 1901 1527 1942 Par.

78 1978 116 2013 1.
139 1978 178 2014 2.
210 1988 242 2011 S.
270 1969 398 2026 Gunf
506 2014 508 2016 ,

189 2044 226 2093 §.
260 2040 327 2080 84.
388 2039 591 2093 qffkctant.
634 2036 700 2077 Sic
730 2036 820 2077 Par.
846 2041 882 2075 1.
944 2035 1229 2091 ᾳῇὶοίαυενιιηΐ
1249 2035 1341 2078 Par.
1376 2043 1417 2078 2.

190 2110 225 2160 ᾗ.
259 2110 326 2147 85.
386 2117 505 2145 nostr.
529 2105 646 2144 Izaucl.
692 2104 758 2144 Sic
778 2103 867 2143 Par.
893 2108 930 2143 1.
954 2110 995 2144 2.
1217 2107 1220 2111 ’

193 2176 229 2224 §.
262 2179 330 2215 86.
389 2177 542 2229 excepi.
582 2173 678 2213 Par..
697 2172 799 2212 1.2.
821 2166 970 2226 αόοερί.
1058 2183 1174 2226 atque
1192 2171 1421 2212 immortali.
1462 2171 1531 2212 Sic

78 2242 169 2284 Par.
200 2248 240 2282 1.
301 2253 383 2296 atq.
416 2242 569 2281 divinae
602 2240 692 2281 Par.
724 2246 763 2280 2.
861 2250 1055 2294 quantum.
1097 2240 1164 2280 Sic
1181 2239 1272 2280 Par.
1293 2247 1332 2280 2.
1356 2254 1359 2255 ’
1386 2251 1531 2294 quanto

79 2310 166 2364 plus
195 2310 286 2351 Par.
316 2315 354 2349 1.
445 2309 705 2348 eminentibus.
748 2306 815 2347 Sic
832 2307 922 2348 Par.
950 2312 987 2347 1.
1039 2298 1351 2347 eminentioribus
1371 2307 1463 2348 Par.
1487 2314 1530 2348 2.

193 2379 227 2430 ᾧ.
259 2383 326 2418 87.
386 2388 601 2432 sequentur.
651 2375 719 2416 Sic
746 2374 837 2416 Par.
867 2381 906 2416 2.
967 2386 1176 2429 sequuntur
1210 2375 1303 2416 Par.
1344 2380 1383 2415 1.
1424 2375 1533 2430 quod

83 2447 196 2484 alteri
213 2449 486 2498 praetulerim.
1209 2466 1211 2471 ¹

197 2516 233 2563 §.
263 2518 328 2554 88.
390 2513 443 2552 acl
462 2513 557 2564 Ῐιοο,
599 2511 645 2550 tle
668 2527 759 2565 quo.
795 2510 888 2552 Par.
920 2515 958 2551 1.
983 2517 1022 2551 2.
1044 2510 1097 2550 ad
1118 2510 1219 2549 hanc
1239 2509 1286 2549 de
1308 2526 1399 2564 qua.
1459 2510 1536 2558 [In

83 2581 214 2620 herois
244 2583 522 2634 reponendum
547 2584 632 2633 jure
660 2582 813 2619 censuit
844 2578 1007 2632 Sarpius
1040 2576 1209 2628 Quaest.
1242 2593 1283 2630 p.
1310 2581 1383 2627 55,
1429 2593 1532 2633 quae

83 2658 336 2702 opponantur
365 2652 508 2702 elegis,
545 2652 647 2688 sicut
676 2648 784 2701 apud
811 2646 1039 2688 Martialem
1065 2643 1140 2696 ΙΠ,
1171 2651 1248 2695 20,
1285 2649 1308 2684 6
1337 2644 1533 2685 Lascivus

83 2715 221 2770 eleg-is,
272 2734 324 2757 an
359 2733 511 2757 severus
546 2716 687 2756 herois.
766 2714 818 2755 Et
858 2715 1015 2755 heroum
1057 2714 1223 2768 quidem
1263 2713 1409 2766 pedem
1447 2716 1530 2766 ipse

1021 2798 1045 2810 Ἀ
