1775 3091
126 247 205 283 294
574 239 848 294 «Supplementa
875 240 1137 277 annotationis

130 352 261 392 Guels.
281 351 406 394 Amb.
428 360 467 395 2.
489 351 610 396 Goth.
634 349 758 391 Tarv.
777 349 878 391 ΑΜ.
902 350 1044 400 (ἶοΙὶιι.,
1077 359 1115 390 et
1132 353 1271 403 procu]
1290 351 1411 391 dubio
1434 350 1561 394 Aan.

130 427 168 461 1.
191 423 396 473 ejecissent.
442 421 549 462 JenS.
571 418 669 459 Loc.
691 417 789 457 Bad.
811 418 962 458 Cel-Vlc-
985 421 1213 471 rejecissent.

241 490 276 540 ξ.
308 489 373 529 3-1.
433 504 546 542 quam
566 497 687 525 acute.
734 484 860 525 Alnb.
893 491 929 525 1.
954 491 993 525 2.
1019 486 1126 526 Flor.
1160 484 1293 527 Guelf.
1320 486 1422 540 quod
1443 504 1481 528 a.

130 542 462 609 reprehenduntur.
522 552 656 594 Guelf.
684 551 809 592 ΑΒΗ).
840 559 880 593 2.
911 553 1152 606 reprendunt.
1266 564 1567 595 controversum.

128 621 254 662 Aan.
280 628 316 661 1.
337 623 650 661 controversiam.
701 619 840 673 Camp.
866 624 1141 660 controversia.
1236 637 1373 661 comm.
1391 622 1569 676 pluribus

128 706 214 744 pro.
255 688 321 728 Sic
345 692 465 727 etiam
485 688 609 728 Amb.
633 693 670 728 1.
700 687 807 727 Flor.
894 687 1067 740 vulgare.
1114 685 1236 730 Amb.
1261 695 1300 728 1.
1322 688 1428 728 Flor.
1450 693 1570 728 etiam

134 757 261 810 legare
288 754 464 808 vulgare.
576 759 698 795 serius
729 765 852 794 const.
899 752 1024 794 Amb.
1049 761 1085 795 1.
1119 759 1240 796 eiiam
1259 773 1409 795 seruum
1433 768 1572 807 const„

132 838 155 876 n
187 838 260 863 sec.
288 837 340 862 m.
372 839 495 863 serum
516 838 550 864 c.
667 822 894 877 relinquant.
947 822 1054 864 Flor.
1086 823 1306 879 relinquent.
1419 823 1574 863 malint.

133 888 254 930 Goth.
282 889 406 930 malit.
786 885 788 887 ¹

244 958 278 1009 ξ.
309 961 377 998 35.
433 959 545 998 vilia.
593 958 730 999 Etiam
746 958 871 999 Amb.
898 964 934 998 1.
955 957 1060 998 Flor.
1080 958 1170 998 I'ar.
1194 963 1231 998 1.
1247 965 1285 998 2.
1300 964 1337 999 3.
1359 960 1492 999 vitam.

135 1026 342 1078 assignent.
391 1023 528 1066 Turio.
560 1042 582 1065 a
602 1043 659 1080 pr.
677 1044 731 1066 ln.
755 1026 860 1066 Flor.
890 1026 1110 1078 adsignant.
1221 1037 1387 1065 accuset.
1439 1025 1576 1066 Turio.

134 1091 239 1132 Flor.
261 1102 435 1132 accusat.
537 1095 644 1148 App.
680 1094 817 1149 manif
865 1093 1001 1132 Turio.
1021 1097 1137 1133 inser.
1162 1109 1250 1132 non.
1296 1093 1404 1143 Jens.
1428 1103 1465 1132 et
1486 1094 1577 1133 edd.

137 1169 228 1199 aute
250 1158 349 1199 Ald.
371 1160 562 1212 adjiciunt
583 1179 669 1203 non.
759 1172 976 1217 repugnent.
1030 1161 1167 1214 Camp.
1189 1172 1424 1215 expugnent.
1468 1160 1576 1201 Jens.

138 1238 363 1281 repugnant.
477 1227 623 1269 (licant.
671 1230 778 1270 Jens.
813 1229 931 1269 Tarv.
958 1228 1097 1268 dicent.
1210 1231 1343 1282 possit.
1388 1227 1515 1268 Aan.
1540 1233 1580 1268 1.

135 1297 296 1348 possint.
392 1296 657 1348 respondeant.
706 1297 813 1338 Jens.
834 1296 1073 1351 respondent.
1171 1313 1255 1335 cum
1275 1295 1394 1336 mala.
1441 1295 1580 1336 Turlc.

138 1360 241 1400 Flor.
275 1373 353 1400 tum
380 1379 429 1400 m.
543 1365 698 1405 tuenda.
759 1364 894 1403 Turio.
926 1364 1030 1405 Flor.
1063 1379 1085 1402 a
1114 1380 1173 1417 pr.
1205 1379 1260 1404 m.
1290 1362 1404 1404 AJm.
1441 1362 1582 1416 Camp.

140 1428 290 1468 utenda.
382 1445 465 1466 reus
488 1428 646 1470 lserres.
696 1431 804 1472 Jens.
826 1442 864 1471 et
884 1433 973 1471 edd.
999 1441 1088 1470 ante
1111 1430 1240 1472 Colin.
1268 1428 1322 1469 V.
1345 1447 1376 1470 r.
1469 1430 1586 1469 inclu-

141 1498 245 1534 s‘trie.
293 1495 428 1535 Turio.
455 1496 670 1548 industria,
701 1514 776 1537 sec.
798 1513 852 1537 1n.
869 1501 983 1550 ponit
1003 1514 1057 1536 ex·
1078 1513 1148 1550 pro
1171 1508 1219 1536 ct.
1272 1496 1378 1537 Flor.
1399 1512 1422 1536 a
1444 1513 1504 1550 pr.
1525 1511 1582 1536 m.

143 1562 369 1602 industriae.
427 1561 551 1604 Amb.
573 1571 610 1604 2.
630 1564 854 1604 industriae.

255 1630 292 1680 §.
334 1635 401 1668 36.
471 1630 633 1670 Eadem.
687 1631 823 1671 Turio.
855 1646 877 1670 a
904 1646 964 1684 pr.
997 1645 1052 1670 ln.
1085 1631 1256 1670 eandem.
1373 1632 1585 1685 oppositas·

145 1695 269 1736 Goth.
293 1698 502 1749 appositas.
555 1697 694 1750 Camp.
717 1701 909 1753 opposita.
1005 1707 1104 1737 sunt.
1155 1696 1254 1738 Loc.
1275 1697 1385 1738 Ven.
1407 1700 1498 1737 sint.

144 1762 247 1818 quod
269 1766 389 1803 circa.
437 1762 576 1817 Camp.
601 1767 666 1819 qui.
685 1782 718 1806 c.
824 1767 942 1804 vitiis.
991 1762 1112 1804 Amb.
1131 1770 1168 1805 2.
1189 1766 1294 1805 vitis.
1404 1780 1483 1802 rem
1503 1781 1589 1805 mo-

147 1830 228 1870 lest.
275 1833 383 1870 Jens.
409 1840 447 1871 et
465 1833 555 1872 edd.
578 1842 670 1872 ante
691 1831 821 1873 Stoer.
841 1849 893 1872 m.
914 1849 947 1873 r.
1032 1842 1283 1886 praetereunt.
1330 1829 1466 1871 Turic.
1487 1846 1510 1870 a
1528 1847 1589 1885 pr.

148 1914 199 1938 m.
224 1898 331 1938 Flor.
357 1897 472 1939 Alm.
498 1910 814 1954 praetereuntem.
922 1907 957 1938 et
980 1901 1043 1938 iis.
1098 1899 1209 1940 Sich.
1233 1909 1268 1938 et
1287 1899 1358 1939 his.
1401 1897 1526 1939 Amb.
1553 1906 1591 1940 2.

148 1982 309 2021 quoque
332 1968 479 2007 etenim.
582 1969 761 2007 conteuti.
811 1966 948 2007 Turio.
972 1982 994 2006 a
1018 1983 1078 2019 pr.
1099 1981 1151 2006 m.
1171 1965 1277 2006 Flor.
1300 1965 1422 2006 Amb.
1441 1972 1480 2007 2.
1499 1982 1594 2006 con-

152 2037 300 2074 tinenti.
380 2034 541 2076 seilicet.
572 2034 706 2075 Guelf.
728 2033 835 2074 Jens.
858 2044 896 2073 et
917 2034 1006 2072 edd.
1029 2050 1091 2086 ap.
1112 2032 1301 2074 Bur1n.si
1321 2032 1420 2072 licet.
1517 2051 1594 2074 non

150 2101 288 2142 solum.
336 2100 441 2141 Flor.
460 2102 584 2142 Amb.
607 2110 647 2144 2.
671 2105 792 2141 etiam
813 2104 1002 2141 omittunt
1021 2118 1108 2140 non.
1201 2111 1297 2142 mat.
1320 2103 1438 2156 ipsae.
1484 2100 1592 2141 Jens.

153 2180 192 2209 et
222 2171 311 2210 edd.
343 2178 434 2209 ante
470 2168 624 2224 Gryph.
656 2170 684 2209 i.
709 2185 760 2209 m.
813 2166 937 2209 Aan.
967 2174 1008 2210 2.
1045 2179 1140 2208 mat.
1169 2171 1268 2223 ipsa.
1377 2179 1492 2223 parte
1520 2168 1592 2209 alt.

156 2235 279 2278 Goth.
309 2254 346 2277 α.
367 2254 405 2290 p.

265 2310 302 2357 ξ.
335 2309 402 2344 37.
462 2302 576 2357 lapsi.
626 2301 751 2343 Aan.
775 2306 811 2342 1.
829 2304 941 2356 ipsis.
1049 2300 1296 2341 sententiolis.
1345 2300 1454 2343 Flor.
1482 2317 1506 2342 a
1533 2317 1595 2357 pr.

155 2387 211 2412 ln.
234 2371 486 2412 sententiales.
588 2386 873 2425 supervacuum.
921 2369 1029 2410 Jens.
1053 2367 1151 2410 Loc.
1173 2371 1383 2424 superiora.
1479 2380 1535 2408 est
1561 2380 1597 2409 et

158 2439 232 2495 inf:
279 2438 403 2479 Amb.
437 2444 475 2479 1.
505 2445 546 2480 2.
576 2436 710 2479 Guelf.
743 2435 880 2490 Camp.
912 2440 1101 2478 omittunt
1130 2449 1179 2478 et.
1294 2436 1596 2491 reprehenditur.

159 2505 283 2546 Amb.
301 2512 336 2546 1.
361 2504 594 2560 dependitur.
676 2521 834 2559 semper.
874 2503 1038 2545 Omittit
1059 2504 1198 2559 Camp.
1293 2504 1435 2544 videri.
1466 2503 1596 2544 Amb.

165 2577 202 2612 1.
231 2572 408 2614 viderim.
521 2572 668 2613 malim.
713 2571 837 2612 Amb.
872 2578 908 2612 1.
941 2573 1024 2613 alii.
1068 2573 1178 2613 Jens.
1208 2581 1246 2612 et
1266 2573 1355 2612 edd.
1377 2581 1467 2611 ante
1487 2570 1597 2610 Sich.

162 2638 329 2679 mallem.
416 2652 458 2680 ut
478 2642 527 2680 si.
566 2639 702 2680 Turio.
729 2649 766 2680 et
784 2639 889 2679 Flor.
915 2655 935 2678 a
955 2655 1014 2692 pr.
1035 2655 1090 2680 m.
1112 2651 1153 2678 ut
1171 2657 1221 2681 sc.
1263 2638 1395 2680 Guelf.
1414 2637 1534 2678 Amb.
1558 2643 1597 2678 2.

167 2709 356 2746 omitumt
377 2710 425 2748 si.
512 2710 568 2747 rei
587 2710 733 2763 prosit.
781 2706 903 2748 Amb.
928 2713 963 2747 1.
984 2707 1091 2747 Flor.
1123 2722 1145 2747 a
1165 2723 1225 2761 pr.
1244 2721 1301 2747 m.
1324 2708 1445 2746 etiam
1465 2719 1598 2759 repro-
