1804 3091
258 281 308 316 IV

261 378 392 444 quod
421 377 531 425 Tibi
565 374 878 422 meritissimo
915 373 1139 434 contigit,
1187 373 1469 418 etiamnunc
1506 372 1558 418 in
1593 370 1699 417 dili-

261 459 393 523 genti
426 456 586 504 omnis
628 453 857 499 historiae
903 452 1192 497 tractatione
1239 451 1507 508 consumis,
1562 451 1700 511 cujus

259 535 514 598 singularis
543 532 772 579 scientiae
793 529 977 576 illustre
998 529 1115 576 olim
1136 530 1486 576 documentum
1509 529 1702 592 publice

263 614 463 669 dedisti,
518 619 567 656 et
611 609 709 666 Tu,
764 606 1036 665 Muellerffi
1089 607 1175 654 Vir
1217 608 1345 654 Juris
1390 608 1699 670 peritissime,

262 694 595 742 maximarum
634 702 796 733 rerum
850 702 988 732 curas
1022 689 1279 749 poetarum
1318 687 1615 733 Graecorum
1653 694 1701 731 et

262 775 596 821 Romanorum
642 764 836 811 assidua
882 765 1090 811 lectione
1127 765 1397 822 exhilaras,
1446 765 1593 811 ambo
1625 765 1697 809 in-

261 851 385 913 signi
435 859 632 910 prorsus
691 843 923 906 exemplo
984 859 1177 889 morum
1239 845 1532 904 gravitatem
1592 857 1704 888 cum

266 931 544 976 litterarum
593 921 907 983 jucunditate
957 922 1184 968 miscetis.
1284 920 1381 967 Sed
1431 920 1705 967 verendum

262 1007 381 1055 mihi
426 1010 521 1058 est,
579 1017 642 1046 ne
689 1001 959 1047 modestiae
993 999 1198 1047 Vestrae
1241 1000 1474 1060 injuriam
1511 1000 1704 1055 faciam,

262 1087 303 1133 si
336 1084 479 1148 plura
514 1079 574 1125 de
620 1079 849 1126 laudibus
880 1078 1088 1136 Vestris,
1143 1081 1371 1141 quamvis
1407 1080 1616 1125 libenter
1652 1078 1706 1123 111

261 1180 321 1211 ea
355 1178 406 1208 re
442 1174 737 1213 commorer,
782 1157 1049 1218 adjungere
1084 1158 1260 1203 velim:
1303 1166 1496 1203 tantum
1536 1173 1703 1203 conce-

262 1241 388 1290 datis
426 1252 621 1300 quaeso,
656 1244 712 1281 ut
752 1237 925 1293 exteri,
960 1237 1011 1281 in
1048 1252 1254 1298 quorum
1288 1252 1462 1283 manus
1485 1236 1563 1281 1110
1583 1236 1706 1281 liber

261 1318 469 1372 Venerit,
505 1315 797 1375 intelligant,
834 1329 1028 1360 causam
1066 1314 1187 1360 mihi
1232 1314 1489 1377 dupliciter
1518 1315 1707 1375 Justam

262 1400 425 1454 fuisse,
461 1408 546 1440 cur
581 1408 691 1438 eum
731 1392 903 1438 Yestro
940 1394 1129 1439 nomini
1162 1394 1508 1456 inscripserim.
1577 1392 1706 1439 Nam

261 1477 361 1524 Vos
391 1472 659 1521 rectissime
690 1471 974 1532 intelligitis,
1007 1488 1116 1518 cum
1140 1469 1469 1527 Quintilianus
1506 1462 1707 1519 nobilis-

262 1557 415 1604 simae
458 1551 576 1597 olim
622 1550 739 1595 artis
785 1564 876 1595 nec
926 1549 1071 1596 hodie
1111 1551 1298 1595 inutilis
1343 1551 1704 1597 nobilissimum

263 1629 609 1696 compendium
647 1628 915 1689 scripserit,
946 1629 999 1674 in
1036 1644 1130 1691 quo
1168 1629 1354 1674 nullam
1393 1637 1584 1690 partem
1621 1629 1706 1673 bo-

260 1726 438 1760 narum
473 1709 745 1753 litterarum
786 1707 1019 1764 omiserit,
1052 1708 1177 1753 bene
1215 1706 1274 1752 de
1312 1707 1428 1769 ipsis
1459 1707 1552 1752 illis
1577 1706 1705 1751 litte-

261 1793 326 1839 ris
358 1786 558 1842 mereri,
608 1784 690 1846 qui
725 1784 775 1829 in
807 1799 865 1830 eo
903 1794 952 1831 et
986 1784 1298 1832 emendando
1336 1792 1385 1830 et
1415 1783 1706 1830 illustrando

262 1882 463 1932 operam
509 1862 759 1908 collocent.
831 1860 1016 1918 Quodsi
1051 1878 1150 1909 uno
1188 1864 1325 1925 quasi
1365 1870 1627 1924 conspectu
1657 1870 1708 1907 et

263 1963 375 1994 cum
407 1943 595 2003 majore
624 1941 949 1987 oblectatione
985 1941 1160 1988 Vestra
1197 1957 1484 2003 cognoscere
1514 1941 1706 1997 voletis,

266 2023 384 2087 quid
413 2021 476 2067 ad
511 2034 620 2065 eam
657 2034 777 2074 rem,
815 2034 939 2080 quae
974 2020 1116 2065 nobis
1144 2021 1395 2081 proposita
1422 2019 1582 2075 fuerit,
1618 2019 1708 2064 bac

261 2103 436 2148 ultima
472 2097 742 2159 Spalding-ii
784 2096 947 2143 Vestri
993 2105 1042 2142 et
1086 2113 1198 2142 mea
1238 2113 1388 2159 opera
1428 2097 1703 2158 profectum

263 2181 350 2236 sit,
385 2177 632 2241 paulisper
670 2184 956 2239 expectate,
993 2174 1109 2221 dum
1144 2174 1295 2221 Vobis
1331 2183 1524 2220 textum
1566 2174 1704 2236 Spal-

263 2257 549 2318 dingianum
584 2270 651 2300 ex
685 2255 776 2300 hac
815 2250 1220 2301 observationum
1256 2253 1382 2299 silva
1417 2252 1578 2298 denuo
1601 2268 1702 2298 001·-

261 2344 449 2383 rectum
485 2333 721 2380 obtulere.
794 2332 989 2390 Valetc,
1024 2331 1128 2378 viri
1160 2331 1358 2394 optimi,
1397 2346 1597 2394 lneque,
1646 2339 1701 2377 ut

262 2414 439 2471 facitis,
480 2426 645 2458 amare
679 2412 879 2473 pergite.

395 2545 573 2608 Scripsi
607 2544 818 2592 Berolini
855 2544 926 2591 Id.
961 2543 1054 2590 Jul.
1097 2545 1235 2588 1829.
