1775 3091
223 209 304 247 396
679 200 950 256 Supplementa
978 205 1241 243 annotationis

334 319 371 371 §.
403 318 469 359 14.
529 314 637 356 Illud
663 324 711 354 et.
744 312 813 354 Sic
833 312 924 355 Par.
953 319 991 356 1.
1019 320 1060 357 2.

334 389 370 440 §.
405 390 471 427 15.
531 399 620 438 quo.
661 380 729 423 Sic
751 380 842 423 Par.
867 387 905 423 1.
934 388 974 423 2.
1057 384 1112 423 in.
1126 385 1193 439 fit.
1235 382 1326 425 Par.
1351 389 1389 426 1.
1411 390 1451 427 2.
1473 386 1502 425 ι’.
1520 387 1589 427 sit.

221 465 333 509 urget
353 478 409 485 --
430 455 548 505 viget.
588 448 656 489 Sic
674 448 762 490 Par.
787 453 823 491 1.
847 456 886 492 2.

334 525 369 572 ᾗ.
404 524 468 560 17.
528 534 618 557 nam
638 519 685 558 is.
729 516 819 558 Par.
846 523 883 558 1.
906 524 945 559 2.
967 535 1004 558 η.
1029 517 1086 559 iel.
1175 517 1261 559 Nec
1282 520 1433 560 ciceris.
1461 519 1550 562 Par.
1577 526 1668 562 1.2v.

223 591 434 633 Ciceronis.
521 584 586 624 vel
615 583 661 623 V
658 587 735 638 ἰῆς.
774 583 841 625 Sic
870 585 962 626 Par.
986 591 1024 626 1.
1044 592 1084 627 2.

331 662 369 711 §.
402 659 468 695 18.
514 655 646 708 figur.
677 652 771 692 aclcl.
820 651 910 694 Par.
943 659 981 694 1.
1011 660 1053 695 2.
1080 657 1198 695 inser.
1229 657 1355 710 prior.
1454 673 1558 696 nam.
1599 656 1668 696 Et.

217 727 307 769 Par.
341 730 378 765 1.
412 728 453 765 2.
483 737 602 775 neque
631 719 825 760 Parnassi
849 722 959 761 vobis
994 724 1107 776 juga.
1150 722 1218 762 Et.
1317 722 1369 762 Et
1393 722 1561 763 detract.
1599 723 1669 764 Sic.

216 795 307 837 Par.
337 798 376 833 1.
407 797 450 833 2.
535 788 690 829 habent.
727 786 796 829 Sio
828 788 920 831 Par.
953 794 991 830 1.
1025 795 1065 829 2.
1137 792 1244 845 fig„
1275 801 1338 839 ui,
1369 791 1473 832 Ace.
1510 791 1601 833 Par.
1628 795 1666 831 1.

216 878 297 904 om.
320 871 377 901 ut.
465 860 615 912 ignem:
644 858 743 911 jam.
783 854 876 897 Par.
896 860 935 897 1.
957 862 996 897 2.
1015 859 1135 898 inser.
1163 858 1277 899 hune.

331 933 367 982 ξ.
405 932 472 968 19.
531 925 639 964 Nam
659 923 706 964 dc
724 923 851 964 altera
870 948 928 956 -—
945 923 1205 977 adjiciendum
1225 935 1296 965 est'.
1333 925 1423 967 Pa-r.
1445 931 1482 966 1.
1500 932 1541 967 2.
1561 924 1669 965 Nam

215 999 263 1038 (Ie
283 997 354 1037 alt.
368 1029 378 1048 ,
419 1011 516 1050 quac
537 992 776 1032 detractione
801 991 916 1048 (Par.
940 998 980 1033 2.
1010 1008 1088 1033 sec.
1108 1008 1164 1033 m.
1186 992 1376 1035 detractio
1398 991 1480 1051 est)
1505 993 1562 1049 pl.
1585 993 1666 1048 adj.

215 1085 249 1108 e.
308 1065 436 1106 Amb.
463 1068 500 1103 1.
535 1061 854 1100 detractionibus.
906 1059 1000 1101 Nou
1030 1063 1136 1100 male
1165 1060 1381 1102 Schiitzius
1416 1077 1455 1116 p.
1482 1066 1537 1104 29
1575 1078 1667 1101 nam

215 1136 266 1175 de
288 1134 419 1176 altera
445 1130 555 1185 (scil.
583 1126 736 1183 figura)
769 1144 868 1183 quae
896 1127 1135 1169 detractione
1151 1131 1233 1184 fit,
1273 1129 1452 1184 pluribus
1478 1129 1558 1183 adj.
1596 1140 1664 1177 est,

214 1204 397 1254 conjecit,
418 1199 693 1252 indicavitque
713 1199 848 1236 locum
866 1195 949 1236 huc
969 1199 1238 1250 pertinentem
1261 1199 1295 1250 ξ.
1311 1203 1376 1239 58.
1416 1195 1557 1252 Itaque
1578 1195 1664 1249 Qu.

212 1275 257 1311 in
289 1270 534 1310 Terentiano
576 1266 762 1318 exemplo
810 1265 1099 1304 detractionem
1137 1268 1323 1305 vitiosam
1366 1268 1548 1320 putavit:
1596 1265 1666 1305 sed

213 1341 383 1380 minime
409 1351 508 1389 opus
533 1343 601 1385 est,
622 1343 666 1373 ut
686 1348 780 1373 cum
801 1331 995 1373 Schiitzio
1012 1333 1182 1372 eandem
1200 1349 1287 1373 rem
1305 1336 1442 1373 multis
1463 1334 1591 1373 verbis
1610 1335 1665 1372 sic

211 1423 307 1447 eum
339 1407 546 1456 jubeamus
572 1404 820 1454 significare:
860 1398 949 1452 plus
979 1402 1118 1438 satist
1150 1411 1206 1439 est
1234 1403 1272 1440 in
1298 1404 1422 1454 vitio‚·
1457 1400 1548 1455 plus
1567 1403 1666 1440 enim

211 1490 328 1531 quam
356 1475 457 1511 satis·
484 1485 616 1507 verum
649 1478 719 1507 cst.
778 1466 884 1506 Nam
916 1469 1086 1505 verbum
1115 1470 1288 1519 simplex
1320 1479 1374 1506 est
1396 1469 1559 1507 sensdm
1582 1469 1664 1505 fere

211 1544 336 1583 habet
353 1555 447 1580 eum
467 1540 581 1594 quasi
601 1538 749 1576 dixerit
768 1550 847 1573 csse
872 1532 1020 1585 debeis]
1102 1544 1144 1573 ut
1165 1550 1220 1574 se.
1259 1533 1327 1574 Sic
1345 1534 1434 1574 Par.
1456 1540 1495 1575 2.
1520 1551 1558 1574 u.
1580 1550 1663 1572 eum

210 1628 244 1651 s,
261 1609 351 1650 Par.
375 1612 414 1648 1.
503 1605 619 1644 dicet.
654 1602 721 1643 Sic
741 1601 829 1641 Par.
855 1605 893 1639 1.
915 1606 956 1639 2.
1053 1599 1100 1639 Si
1118 1611 1176 1653 te,
1212 1600 1299 1642 Cat.
1332 1600 1400 1642 Sic
1418 1601 1510 1642 Par.
1530 1606 1568 1642 1.
1590 1607 1632 1643 2.

324 1677 362 1726 §.
395 1680 462 1715 20.
522 1671 622 1710 Sunt
642 1681 675 1708 et
695 1667 781 1707 illa.
825 1666 892 1708 Sic
912 1668 1002 1708 Par.
1028 1673 1064 1707 1.
1086 1673 1125 1708 2.

323 1746 360 1797 ξ.
391 1746 460 1782 21.
519 1739 582 1778 Nc
611 1737 721 1777 mihi.
763 1734 831 1776 Sic
858 1735 949 1776 Par.
980 1741 1020 1776 2.
1082 1733 1168 1774 Nec
1188 1734 1286 1775 milzi
1312 1733 1404 1775 Par.
1430 1740 1468 1775 1.
1557 1734 1661 1775 divo.

208 1812 277 1854 Sic
297 1811 388 1852 Par.
415 1814 452 1849 1.
476 1814 516 1849 2.

322 1884 358 1933 §.
390 1884 459 1919 22.
519 1892 578 1914 me
607 1889 662 1913 em
690 1872 748 1913 ecl.
794 1871 862 1913 Sic
891 1871 981 1912 Par.
1011 1877 1075 1922 2.,
1115 1870 1184 1911 sed
1210 1869 1301 1911 Par.
1332 1874 1370 1910 1.
1403 1884 1482 1910 om.
1506 1885 1576 1911 επ.

212 1949 326 1991 Caco.
351 1962 447 2000 nego
466 1961 540 1984 me.
576 1942 668 1984 Par.
689 1947 731 1982 2.
753 1957 791 1981 n.
812 1957 865 1980 m.
892 1939 934 1981 C.
1024 1949 1059 1977 et
1079 1941 1154 1992 ips.
1194 1938 1262 1978 Sic
1281 1937 1371 1979 Par.
1395 1943 1432 1978 1.
1453 1943 1495 1979 2.
1583 1953 1661 1978 ex-

207 2033 335 2059 cussa.
378 2014 446 2056 Sic
465 2013 556 2054 Par.
580 2016 617 2051 1.
641 2016 682 2051 2.
766 2008 898 2048 verbo.
936 2006 1031 2047 Illa.
1071 2005 1139 2046 Sic
1161 2005 1252 2046 Par.
1281 2011 1316 2046 1.
1341 2012 1381 2046 2.

321 2085 359 2135 §.
392 2088 460 2123 23.
520 2095 636 2119 unum
659 2076 776 2133 quod.
817 2075 883 2116 Sic
911 2075 1002 2116 Par.
1033 2081 1072 2115 2.
1133 2091 1322 2128 unumque
1347 2073 1436 2113 Par.
1462 2078 1498 2113 1.
1587 2074 1660 2130 Jzy-

202 2154 315 2210 perh.
336 2150 453 2206 quod.
486 2148 554 2190 Sic
571 2146 662 2188 Par.
686 2151 724 2187 1.
747 2151 787 2186 2.
875 2142 1091 2182 noluerunt.
1130 2140 1221 2181 Par.
1245 2147 1283 2181 1.
1317 2147 1358 2181 2.
1386 2140 1601 2181 voluerunt.

319 2222 357 2274 ξ.
388 2219 456 2260 24.
516 2214 597 2256 sed.
638 2214 729 2255 Par.
755 2218 794 2253 1.
815 2217 854 2253 2.
878 2228 979 2251 cum.
1065 2227 1215 2249 sensum
1237 2220 1373 2248 mutat.
1416 2208 1484 2248 Sic
1503 2208 1595 2250 Par.
1618 2215 1655 2249 1.

203 2297 246 2333 2.
313 2303 446 2328 sensus
474 2294 660 2327 mutatur.
711 2281 804 2323 Par.
834 2285 874 2321 2.
911 2295 990 2320 see.
1025 2293 1080 2319 m.
1183 2276 1380 2335 formam.
1429 2276 1516 2317 Par.
1547 2283 1584 2318 1.
1614 2284 1656 2318 2.

191 2359 353 2416 forma.

315 2428 352 2478 §.
385 2425 454 2464 25.
514 2419 552 2460 Ii
573 2421 650 2474 qui.
690 2415 760 2458 Sic
777 2413 869 2458 Par.
896 2421 936 2456 2.
965 2429 1043 2455 seo.
1064 2427 1123 2453 m.

318 2494 357 2542 §.
386 2494 455 2531 26.
518 2485 642 2540 Vir-g.
673 2484 756 2524 illo.
797 2482 863 2523 Sic
892 2481 982 2522 Par.
1009 2487 1046 2521 1.
1065 2486 1104 2521 2.

318 2562 355 2611 §.
387 2561 457 2599 27.
516 2566 582 2595 aut
606 2554 678 2594 his.
719 2550 787 2592 Sic
805 2549 896 2590 Par.
920 2555 955 2589 1.
981 2554 1022 2590 2.

315 2630 352 2679 §.
383 2631 450 2665 31.
511 2626 587 2677 cuj.
610 2633 646 2661 et
669 2623 726 2660 in.
767 2617 834 2660 Sic
855 2616 946 2658 Par.
969 2622 1007 2657 1.
1032 2623 1071 2658 2.
1160 2614 1436 2656 crudelissime.
1472 2614 1538 2655 Sic
1558 2613 1647 2656 Par.

203 2703 242 2738 2.
334 2693 421 2734 bell.
440 2700 654 2746 gesserunt.
684 2687 752 2729 Sic
772 2685 861 2728 Par.
884 2690 923 2725 2.
1019 2683 1304 2741 defer-marani.
1342 2681 1410 2724 Sic
1431 2682 1519 2723 Par.
1546 2688 1582 2722 1.
1606 2689 1645 2722 2.
