1775 3091
289 226 344 267 acl
373 227 536 281 Quintil.
566 227 696 269 Instit.
730 225 812 278 IV,
843 228 883 268 4.
915 227 953 277 §.
984 230 1124 268 5—9.
1156 231 1197 269 5.
1229 226 1441 278 §.1-3,
1515 235 1597 272 225

149 338 256 382 Flor.
284 339 386 380 velut
417 340 600 396 quodam.
661 339 787 382 Amb.
820 347 861 382 2.
891 340 956 380 vel
983 339 1148 396 quodam
1172 351 1227 381 ut.
1340 352 1462 382 tactu.
1526 342 1595 383 Sic

149 411 270 448 etlam
297 408 387 449 Par.
418 416 457 450 2.
569 412 783 450 excitatus.
847 409 974 449 Amb.
1006 414 1043 449 1.
1076 412 1338 450 resuscitatus.
1452 420 1489 449 et
1518 413 1595 449 ini-

148 478 257 516 tium.
324 476 452 518 Amb.
488 483 523 518 1.
567 493 646 517 om.
687 487 737 517 et.
868 493 1029 531 quoque.
1097 476 1248 518 Cervic.
1288 475 1421 518 Coliu.
1461 481 1591 520 omitt.

261 559 400 583 novum
427 544 727 599 quodammodo.
787 543 912 585 Amb.
950 550 987 586 1.
1029 543 1134 585 Flor.
1164 543 1316 587 Cervic.
1349 544 1480 586 Colin.
1522 561 1592 587 ot·

144 609 280 650 dinem
307 613 526 654 invertunt.

669 780 939 821 CAPUT
998 779 1053 820 V.

253 881 290 932 ξ.
326 885 363 921 1.
426 879 609 919 Pau-titio.
677 880 814 920 Tur1c.
855 895 877 920 a
907 896 966 935 pr.
997 896 1052 922 m.
1090 883 1238 936 partio.
1353 882 1588 926 adversarii.

139 945 276 987 Turic.
307 963 331 987 a
360 963 419 1001 pr.
448 963 504 987 m.
563 947 688 988 Amb.
718 954 757 989 2.
791 947 1009 989 adversari.
1124 960 1388 1005 utrarumque.
1447 950 1585 993 Turio.

138 1028 162 1052 a
187 1029 246 1067 pr.
267 1030 322 1055 m.
353 1015 469 1055 Alm.
502 1026 569 1054 aut
600 1032 817 1069 rarumque.
935 1016 1098 1057 collata.
1153 1016 1280 1057 Amb.
1305 1023 1341 1057 1.
1375 1017 1585 1061 collocata.

137 1079 265 1121 Amb.
287 1088 326 1123 2.
355 1082 545 1138 conlata„
641 1083 829 1145 quidam3
870 1083 1008 1124 Turic.
1042 1083 1150 1125 Flor.
1180 1084 1295 1125 Alm.
1329 1083 1463 1126 Guelf.
1497 1089 1588 1140 qui-

136 1147 236 1189 dem.
352 1150 457 1204 quod
485 1167 542 1190 ca.
603 1150 710 1189 Flor.
755 1153 874 1190 etiam
913 1150 960 1189 ‹le
988 1153 1106 1191 inser.
1165 1162 1200 1190 ct
1220 1154 1315 1206 fiat.
1376 1152 1588 1195 Omittunt

135 1227 171 1255 et
199 1220 319 1257 etiam
347 1217 472 1258 Amb.
503 1223 540 1258 1.
572 1217 678 1257 Flor.
708 1216 798 1258 Par.
831 1223 867 1257 1.
899 1224 938 1258 2.
969 1222 1008 1259 5.
1126 1222 1321 1260 intentior.
1381 1220 1509 1261 Amb.
1543 1227 1582 1262 1.

133 1289 335 1326 attentior.
450 1288 486 1325 si
515 1288 660 1325 scierit.
719 1285 856 1325 Etiam
883 1284 1009 1326 Amb.
1036 1291 1073 1327 1.
1105 1285 1211 1326 Flor.
1241 1290 1472 1337 suscitetur,
1503 1293 1585 1327 mi-

132 1367 247 1405 rum,
287 1354 357 1394 sed
396 1362 502 1393 recte
538 1362 674 1392 tamen
715 1355 794 1402 jam
822 1355 921 1392 olim
950 1355 1212 1393 emendatum
1247 1363 1360 1407 puto.
1478 1355 1586 1396 ‹lici-

130 1437 237 1473 mus,
277 1432 313 1460 et
342 1420 388 1459 de
419 1438 508 1475 qno.
567 1420 732 1462 Omittit
763 1420 862 1460 haec
890 1424 1027 1461 omnia
1062 1421 1171 1462 Flor.
1204 1437 1227 1461 a
1255 1437 1316 1475 pr.
1348 1437 1403 1465 m.
1516 1440 1585 1464 su-

128 1503 228 1528 mus.
283 1487 408 1528 Amb.
431 1494 464 1528 1.
494 1488 583 1529 Par.
610 1494 646 1528 1.
678 1504 836 1543 quoque
865 1491 997 1530 simus.

243 1557 279 1607 §.
311 1563 351 1597 2.
411 1554 578 1596 Rursus.
637 1554 763 1596 Amb.
790 1561 829 1597 1.
863 1556 976 1613 rufus
1004 1572 1097 1596 cum
1125 1556 1233 1598 Flor.
1265 1572 1383 1598 asec.
1404 1574 1476 1610 m.,
1508 1563 1580 1614 qui

125 1631 262 1662 tamen
286 1639 307 1663 a
324 1639 383 1677 pr.
406 1639 461 1664 m.
499 1622 646 1680 rursus.
763 1624 1022 1665 arbitrantur.
1082 1623 1204 1665 Amb.
1234 1631 1270 1665 1.
1305 1626 1443 1668 Turio.
1470 1643 1493 1668 a
1516 1645 1576 1682 pr.

128 1705 182 1730 m.
213 1690 320 1731 Flor.
354 1708 374 1730 a
396 1708 455 1745 pr.
483 1707 538 1730 m.
570 1691 802 1730 arbitratur.
868 1690 929 1731 Cf.
961 1693 1011 1731 ad
1040 1690 1114 1742 ΠΙ,
1146 1698 1186 1742 8,
1220 1698 1285 1733 37.
1399 1706 1436 1734 et
1463 1699 1580 1736 cxci-

128 1757 230 1798 ιῖενσ.
268 1757 402 1799 Guelf.
419 1757 655 1798 Gotl1.Bad.
680 1772 774 1796 cum
794 1767 884 1797 cert.
907 1768 998 1797 ante
1019 1756 1173 1812 Gryph.
1195 1762 1294 1798 meis
1317 1765 1509 1802 omittunt
1529 1773 1578 1802 et.

235 1828 564 1879 praeterierimus.
622 1823 748 1864 Aan.
783 1829 820 1864 1.
852 1831 891 1865 2.
930 1824 1039 1865 Flor.
1079 1828 1350 1878 praeterimuS.
1408 1827 1500 1869 Par.
1537 1835 1579 1872 1,

124 1896 413 1945 praeiet-cemus.
519 1891 685 1931 accidet.
745 1890 879 1932 Guelf.
901 1907 923 1931 a
942 1908 1002 1946 pr.
1022 1907 1076 1932 m.
1109 1890 1234 1933 Goth.
1268 1892 1386 1934 Voss.
1410 1901 1447 1936 l.
1464 1902 1503 1936 2.
1518 1901 1574 1947 3.,

127 1968 167 1999 et
195 1969 348 2012 praeter
390 1960 477 1999 edd.
517 1975 580 2013 ap.
609 1958 752 2000 Burm.
793 1975 930 1999 omnes
969 1975 1084 1999 meae
1125 1975 1147 1999 a
1187 1960 1294 2001 Jens.
1333 1962 1384 2000 ad
1414 1960 1573 2017 Gryph.

125 2026 289 2067 accidit.
405 2026 458 2067 acl
487 2026 688 2079 agendum.
746 2026 854 2067 Flor.
887 2042 908 2065 a
936 2043 996 2080 pr.
1028 2043 1082 2066 m.
1115 2026 1286 2068 Chouet.
1320 2032 1443 2069 olm‘tt.
1474 2030 1541 2072 acl.

237 2098 269 2146 §.
303 2098 342 2134 3.
412 2093 544 2134 lucida
583 2105 638 2133 est
680 2097 796 2135 ratio.
857 2094 925 2135 Sic
967 2097 1089 2134 etiam
1123 2094 1250 2136 Amb.
1285 2100 1322 2136 1.
1425 2096 1451 2137 ἶ.
1476 2115 1507 2138 e.
1531 2109 1572 2138 ut

123 2163 251 2201 oratio
280 2160 386 2201 Flor.
426 2177 448 2201 a
483 2178 542 2216 pr.
575 2177 632 2202 m.
700 2162 726 2202 Ζ.
766 2165 817 2202 sit
855 2173 896 2201 ut
932 2164 1034 2202 ratio
1064 2177 1086 2201 a
1113 2178 1190 2203 sec.
1220 2178 1276 2203 m.
1344 2162 1371 2204 l.
1401 2174 1438 2203 st
1466 2168 1569 2205 ratio

120 2226 244 2268 Δῃὼ.
269 2234 305 2268 2.
392 2241 531 2269 reciae.
577 2229 703 2270 Aan.
728 2235 764 2270 1.
797 2236 836 2270 2.
867 2232 971 2270 Jens.
1003 2240 1117 2270 recte.
1202 2230 1298 2270 adeo
1321 2242 1375 2272 ut.
1433 2231 1569 2272 Etiam

122 2292 246 2334 Amb.
272 2301 308 2335 1.
339 2295 445 2337 Flor.
467 2300 604 2336 inserr.
635 2314 798 2352 quoque.
894 2297 950 2337 iel.
981 2296 1108 2337 Amb.
1134 2303 1175 2337 1.
1203 2297 1268 2338 acl.
1368 2298 1562 2340 decedere.

121 2359 258 2401 Turio.
287 2377 309 2401 a
336 2379 393 2416 pr.
419 2379 472 2404 m.
499 2363 606 2405 Flor.
640 2365 784 2405 decere.
846 2363 983 2405 Turio.
1016 2380 1038 2404 a
1068 2380 1146 2404 sec.
1175 2381 1232 2405 m.
1263 2365 1449 2405 decidere.

116 2428 377 2482 probaverim.
440 2430 546 2487 FQor.
584 2431 860 2486 probaverunt.
972 2435 1237 2486 partitionem.
1299 2432 1435 2473 Turio.
1459 2448 1562 2486 apr.

117 2509 174 2534 m.
202 2499 434 2548 partionem.
552 2509 642 2539 ires.
700 2498 806 2539 Flor.
836 2499 944 2540 Jens.
975 2497 1075 2540 Loc.
1108 2498 1218 2539 Ven.
1248 2499 1348 2540 Bad.
1372 2502 1462 2549 -tris,
1494 2516 1562 2540 ce-

115 2570 223 2601 terae
253 2565 302 2600 ab
331 2562 427 2605 Ald.
458 2574 550 2605 ante
578 2565 722 2607 Burm.
754 2569 859 2607 treis.
947 2569 1023 2609 lzoc
1052 2577 1120 2606 aut
1148 2566 1228 2606 alio
1260 2577 1399 2607 tamen.
1448 2566 1556 2609 Flor.

117 2643 140 2668 a
166 2644 226 2682 pr.
245 2644 302 2669 m.
333 2644 413 2670 om.
445 2643 528 2683 aut,
557 2648 582 2672 a
609 2648 686 2673 sec.
716 2637 836 2674 etiam
862 2634 955 2675 alio.
1017 2633 1141 2674 Bern.
1172 2633 1246 2674 hoc
1277 2643 1371 2674 ium.
1426 2633 1556 2677 Amb.

114 2701 155 2737 2.
187 2696 223 2735 lz.
255 2713 293 2737 α.
325 2696 378 2738 al.
406 2708 499 2739 ium.
609 2698 754 2754 plures.
810 2701 917 2743 Flor.
941 2700 1082 2758 pluris.

159 2775 257 2811 Tom.
285 2776 327 2812 V.
1066 2767 1101 2808 P
