1775 3091
419 238 472 278 αιῖ
501 237 660 292 Quintil.
691 237 817 281 Irffitit.
848 235 927 287 ῙΓ,
963 241 1001 277 3.
1030 240 1064 290 §.
1083 240 1246 278 6-13.
1453 243 1531 279 221

118 351 206 392 Par.
230 357 268 393 1.
291 358 330 394 2.
433 352 546 406 Quod
575 352 640 393 lib.
673 352 740 392 hic
769 362 805 391 et
834 350 915 391 veh.
964 349 1030 391 Sio
1060 355 1178 391 etiam
1205 349 1312 391 Flor.
1340 348 1464 392 Amb.
1495 357 1532 392 2.

118 418 206 460 Par.
234 426 273 462 2.
306 426 344 461 3.
382 420 433 459 Et
462 423 585 460 omitt.
624 418 748 460 Amb.
780 424 818 459 1.
947 429 1036 457 nota
1063 420 1143 470 jam
1170 433 1302 459 causa.
1348 417 1472 459 Amb.
1496 423 1534 459 1.

111 489 195 539 jam
221 504 341 527 causa
371 498 475 528 nota.
530 486 633 527 Edd.
665 495 755 526 ante
786 484 937 540 Gryph.
966 500 1076 524 meae
1106 501 1221 525 causa
1244 488 1329 540 jam
1357 496 1463 525 nota.

229 556 264 608 §.
296 560 361 596 10.
417 554 498 593 His
526 557 654 607 igitur.
712 552 844 593 Turio.
873 552 997 592 Amb.
1031 558 1064 592 1.
1095 567 1253 608 quoque
1291 552 1354 593 hic
1399 555 1537 606 igitur.

258 639 330 676 quo
356 622 450 678 fac.
519 621 626 662 Flor.
665 619 790 660 Amb.
824 627 863 662 2.
905 619 1007 674 quocl
1023 619 1117 676 fite.
1254 630 1343 675 post
1378 619 1534 661 dicturi.

119 687 254 728 Turio.
292 688 399 729 Flor.
436 688 550 728 AJm.
587 687 710 728 Amb.
749 694 784 729 1.
824 689 1073 742 proposituri.
1184 703 1230 726 ne
1249 690 1313 741 jus
1349 698 1534 727 nostrum.

117 754 241 795 Amb.
274 760 311 797 1.
350 756 440 810 (nec
471 772 493 796 a
527 771 603 796 sec.
631 757 704 808 m.)
741 755 876 795 Turio.
908 754 1013 794 Flor.
1051 753 1163 795 Alm.
1203 770 1246 793 ue
1271 757 1424 807 justum.

119 825 262 863 ἰηυίίίε.
320 823 637 864 Turic.invit113.
692 822 796 863 Flor.
825 825 995 863 ἰηυίοίίε.

231 891 266 942 §.
301 896 363 930 11.
422 902 547 930 tamen
587 890 722 931 Turio.
760 889 886 930 Amb.
919 896 954 929 1.
997 893 1196 931 omittunt.
1307 905 1412 930 noso.
1456 900 1537 931 nat.

122 955 245 997 Goth.
285 957 391 998 Jens.
431 967 469 997 et
508 959 597 998 edd.
635 967 725 997 ante
766 956 917 1011 Gryph.
960 959 1138 997 ordinem
1172 966 1340 998 mutant.
1424 978 1428 983 ·
1461 960 1544 1010 juri

120 1027 246 1077 magis
274 1048 328 1055 —-·
359 1036 422 1064 aut
452 1028 589 1065 minus.
648 1024 714 1064 Sic
742 1024 866 1064 Amb.
891 1031 927 1065 1.
957 1024 1063 1065 Flor.
1095 1041 1116 1064 a
1146 1041 1203 1079 pr.
1229 1040 1283 1065 ln.
1325 1024 1363 1078 (a
1382 1039 1436 1065 m.
1461 1040 1539 1065 sec.

120 1093 235 1130 inser.
264 1092 351 1130 iude
379 1093 510 1146 enim.)
541 1095 689 1132 omissis
717 1079 971 1133 intermediis.
999 1092 1123 1132 Amb.
1153 1099 1191 1132 2.
1227 1092 1389 1132 exhibet
1416 1094 1543 1145 magis

122 1158 226 1196 lzaucl
254 1162 390 1199 minus.
505 1162 576 1198 crit
605 1161 677 1198 hoc
701 1162 972 1198 necessarium.
1033 1157 1156 1199 Goth.
1185 1158 1301 1199 VOSS.
1335 1164 1375 1200 2.
1414 1162 1541 1199 omjtt.

122 1225 209 1266 hoc.
265 1226 372 1266 Jens.
404 1236 443 1266 et
471 1228 559 1267 edd.
591 1228 640 1265 ad
670 1225 800 1267 Colin.
833 1241 957 1280 usque
987 1226 1060 1265 hoc
1085 1229 1156 1266 crit
1187 1242 1269 1266 ncc.

234 1294 270 1343 §.
304 1299 368 1333 12.
428 1293 756 1348 παρέκβασιν.
810 1291 985 1333 Amb.1.
1013 1295 1257 1347 par-egrosin.
1352 1293 1424 1332 Ῐιαε
1445 1303 1544 1335 sunt.

120 1358 246 1400 Amb.
279 1366 316 1401 1.
353 1361 447 1400 hacc
483 1372 580 1401 sunt.
703 1360 956 1414 locorumque.
1013 1358 1133 1400 Amb.
1173 1366 1208 1400 1.
1248 1358 1432 1400 locorum.

123 1443 247 1465 rerum
272 1439 464 1480 gestarum
492 1428 554 1467 vel
579 1430 694 1467 ctiam
709 1427 958 1483 filbularum.
1015 1426 1139 1467 Amb.
1165 1433 1201 1467 1.
1232 1436 1270 1467 et
1297 1426 1402 1467 Flor.
1433 1443 1455 1467 a
1480 1443 1543 1482 pr.

120 1509 174 1532 m.
205 1497 301 1533 item
342 1511 372 1534 r.
399 1512 437 1548 g.
469 1506 508 1534 ut
538 1495 686 1534 laetitia
710 1495 756 1550 f,
814 1494 919 1535 Flor.
952 1510 973 1533 a
1003 1510 1080 1535 sec.
1113 1511 1165 1535 m.
1195 1513 1224 1536 r.
1251 1512 1293 1548 g.
1337 1494 1404 1533 secl
1429 1497 1547 1534 etiam

108 1562 204 1618 jab.
237 1577 327 1601 cum
358 1561 446 1601 Par.
480 1569 516 1602 1.
546 1569 583 1602 2.
607 1567 659 1610 3.,
690 1566 765 1601 uisi
796 1563 900 1617 quod
930 1563 974 1600 hi
1003 1563 1098 1602 dant
1113 1562 1408 1618 fabulosarum,
1437 1563 1547 1617 quod

122 1631 241 1667 etiam
280 1628 405 1668 Amb.
443 1635 481 1669 2.
520 1628 639 1669 Voss.
676 1635 712 1669 1.
746 1635 783 1669 3.
825 1630 988 1668 habent.
1046 1629 1255 1685 [Ceterum
1292 1645 1426 1669 vereor
1467 1645 1544 1681 ne,

123 1697 229 1749 quod
251 1695 502 1749 Spaldingius
532 1706 753 1735 monstrum
781 1701 993 1749 scripturae
1022 1701 1189 1750 putavit,
1222 1701 1265 1735 in
1294 1712 1339 1735 eo
1370 1701 1438 1736 alii
1462 1713 1548 1736 non

123 1764 387 1815 spernendam
427 1766 610 1801 orationis
642 1766 877 1815 elegantiam
907 1772 1133 1815 agnoscant.
1189 1763 1293 1803 Nam
1324 1763 1415 1802 lacti
1442 1773 1547 1804 certe

122 1832 219 1868 tales
248 1832 326 1868 loci
353 1833 452 1880 sint,
485 1845 558 1868 nec
587 1832 667 1868 fere
695 1833 771 1869 uisi
801 1831 967 1869 ornandi
995 1833 1117 1882 gratia
1147 1831 1327 1869 adhiberi
1354 1832 1548 1884 possunt.]

235 1897 273 1947 §.
306 1901 370 1936 13.
433 1896 516 1947 Quo
546 1912 600 1935 cm
632 1913 719 1950 gen.
782 1896 907 1937 Amb.
939 1903 977 1936 2.
1018 1896 1133 1936 Voss.
1169 1902 1205 1937 1.
1237 1903 1275 1937 3.
1319 1901 1446 1938 omitt.
1477 1914 1555 1943 ex„

125 1961 264 2016 Camp.
310 1980 404 2016 quae
434 1979 487 2002 cx
523 1980 565 2016 g.
683 1964 724 2004 C.
764 1963 880 2004 Corn.
941 1964 1006 2004 Sic
1051 1968 1169 2003 etiam
1206 1964 1312 2005 Flor.
1351 1965 1474 2005 Amb.
1504 1973 1547 2007 2.

125 2029 205 2069 Sed
233 2029 356 2069 Amb.
380 2036 416 2070 1.
446 2030 534 2071 Par.
561 2036 596 2071 1.
620 2038 656 2072 2.
681 2037 717 2072 3.
753 2031 798 2071 G.
835 2030 948 2072 Corn.
1070 2031 1137 2071 Cu.
1173 2031 1308 2085 Pomp.
1359 2031 1483 2073 Amb.
1509 2038 1548 2073 1.

127 2095 199 2137 Gn.
233 2096 368 2151 Pomp.
429 2098 571 2150 [Notae
602 2103 824 2152 exegeticae
855 2099 1106 2153 Spaldingins
1150 2102 1190 2137 in
1223 2099 1439 2152 exemplari
1475 2115 1548 2140 suo

122 2164 223 2203 haec
262 2165 427 2216 adjecit:
480 2165 799 2219 „Fragmentum
848 2168 990 2206 harum
1039 2170 1261 2206 orationum
1300 2167 1428 2206 adhuc
1474 2183 1549 2206 ne-

125 2233 299 2282 glectum
329 2233 434 2285 apud
462 2232 657 2287 Aquilam
685 2233 914 2273 Romanum
943 2249 1028 2287 pag.
1065 2239 1142 2274 150·
1172 2235 1438 2287 invenitur.“]

127 2297 278 2336 divinus
316 2310 464 2339 orator.
522 2300 654 2341 Turio.
691 2302 797 2342 Flor.
836 2317 858 2340 a
895 2318 953 2355 pr.
987 2317 1040 2341 m.
1080 2301 1145 2339 clia
1181 2312 1368 2341 moratur.
1434 2301 1547 2343 ΛΜΗ.

127 2365 205 2403 div.
232 2377 418 2407 morator.
475 2366 599 2408 Amb.
629 2374 666 2410 1.
712 2369 778 2408 diu
806 2372 1056 2418 immoratur,
1097 2370 1204 2423 quod
1256 2364 1355 2409 'Ald.
1391 2383 1550 2423 quoque

128 2433 206 2483 dat,
238 2433 421 2481 adjiciens
452 2446 598 2475 orator.
722 2437 836 2476 velut.
886 2435 1011 2476 Amb.
1047 2441 1080 2475 1.
1112 2435 1241 2474 veluti.
1366 2447 1550 2476 actutum.

127 2498 194 2539 Sic
233 2502 352 2538 etiam
390 2500 477 2541 Par.
510 2507 548 2542 5.
589 2518 680 2541 cum
716 2502 867 2557 Gryph.
912 2502 1000 2557 (ubi
1036 2506 1131 2542 faho
1170 2502 1309 2542 Burnl.
1351 2520 1399 2541 ac
1425 2514 1550 2543 tamen

125 2569 206 2619 legi
243 2567 469 2624 memorat.)
508 2568 614 2608 Flor.
646 2585 667 2608 a
700 2586 758 2623 pr.
790 2587 844 2611 m.
884 2570 973 2611 Par.
1009 2576 1041 2609 1.
1070 2576 1108 2609 2.
1149 2587 1197 2609 ac
1226 2580 1393 2617 tantum,
1435 2585 1550 2610 acce-

128 2634 264 2674 dentes
304 2634 439 2675 Turio.
476 2634 538 2675 At
575 2635 680 2676 Flor.
722 2653 743 2676 a
772 2653 848 2678 sec.
880 2654 932 2677 m.
976 2654 1023 2676 ac
1054 2647 1185 2676 totum.
1243 2636 1366 2676 Amb.
1396 2642 1432 2677 1.
1474 2639 1550 2677 hac

128 2711 262 2742 totum.
307 2702 417 2757 [Hoc
444 2713 564 2743 totum
591 2713 726 2757 postea
754 2707 834 2759 ipse
855 2705 1108 2760 Spaldingius
1138 2705 1346 2744 emendare
1370 2707 1549 2748 volebat:
