1775 3091
154 241 235 280 292
606 231 875 287 Supplementa
904 230 1166 269 annotationis

157 359 195 389 et
216 349 305 389 edd.
328 356 418 389 ante
439 345 564 387 Stoer.
586 361 642 385 us.
653 343 699 399 f.
792 340 1053 400 proferamus.
1102 340 1238 385 Turio.
1262 339 1526 397 perfiramuS,
1563 350 1588 378 a

154 431 305 465 semin.
337 431 428 456 cum
449 413 585 465 Camp.
609 410 835 468 rquramus.

267 488 302 536 §.
335 487 402 523 26.
459 480 504 518 cle
536 478 651 519 Corn.
708 477 779 518 Sic
817 481 938 518 etiam
976 475 1101 517 Amb.
1140 480 1177 516 1.
1209 481 1247 516 2.
1281 474 1388 515 Flor.
1430 473 1521 514 Par.
1551 479 1590 514 2.

157 552 322 594 Omittit
347 549 392 602 de
419 546 529 587 sich.
561 560 734 600 quoque.
847 556 883 584 et
911 546 1100 599 proiinuS.
1155 542 1279 583 Amb.
1309 548 1342 582 1.
1372 557 1465 582 cum
1483 541 1590 593 Flor.

157 623 278 660 etiam
295 619 484 656 omittunt
503 622 539 650 er
552 644 563 663 ,
603 614 672 652 sed
693 611 818 652 Amb.
841 617 876 652 1.
900 613 968 651 dat
987 613 1142 665 affiget,
1183 620 1222 650 et
1240 626 1263 650 a
1279 626 1357 650 sec.
1378 626 1433 650 m.
1455 624 1595 662 super-

155 689 334 726 scribitur
352 685 466 721 litera
494 683 523 719 i.
625 679 763 719 luxur.
789 679 865 720 dic.
916 678 1042 719 Aan.
1069 684 1105 719 1.
1125 683 1244 718 inser.
1272 677 1384 731 dicit.
1485 686 1527 714 ut
1543 678 1593 715 si.

157 751 296 793 Turio.
319 764 340 788 a
359 764 437 788 sec,
455 763 511 787 m.
535 758 576 787 at
595 749 647 787 si.
744 746 814 786 Sic
836 758 880 785 et.
924 745 1031 786 Flor.
1064 761 1086 786 a
1109 762 1169 799 pr.
1201 760 1255 784 m.
1286 749 1337 784 sit
1357 755 1403 784 et.
1451 742 1594 796 Camp.

156 824 190 859 si
212 830 259 858 ct.
361 831 541 870 parcum.
589 814 699 854 Flor.
719 829 742 854 a
762 830 822 867 pr.
844 829 900 853 m.
920 824 1091 868 partum.

269 885 308 934 §.
340 887 410 923 27.
473 882 626 936 Utique.
679 880 820 935 Camp.
853 872 993 935 itaque.
1098 878 1421 931 committendum.
1443 926 1446 930 Ι
1467 875 1600 925 Απὼξ

159 959 195 993 1.
225 966 247 990 a
266 967 324 1004 pr.
347 965 402 989 m.
436 948 805 989 incommista-ndum.
920 958 988 987 esi.
1051 946 1213 988 Omittit
1247 945 1387 999 Camp.
1504 942 1595 984 loci.

155 1021 289 1060 Etiam
307 1017 414 1056 Flor.
435 1016 561 1056 Amb.
584 1023 622 1057 2.
638 1019 734 1070 joci.
818 1014 988 1068 alicujus
1008 1017 1250 1053 executione.
1287 1012 1413 1053 Amb.
1435 1017 1468 1052 1.
1491 1014 1599 1065 cujus

157 1087 454 1126 exsecutionem.
485 1072 488 1075 ‚
557 1083 792 1134 adjuvemus.
835 1080 961 1121 Amb.
987 1087 1023 1121 1.
1049 1088 1086 1121 2.
1104 1080 1213 1121 Flor.
1241 1080 1330 1121 Par.
1356 1085 1391 1120 1.
1414 1086 1453 1121 2.
1477 1082 1600 1118 etiam

156 1154 328 1208 adjuves.
434 1138 636 1190 eludenda.
694 1150 820 1190 Amb.
848 1154 885 1189 1.
909 1151 1050 1200 adjecit
1068 1159 1192 1187 erunt.
1296 1149 1404 1188 mihi.
1456 1146 1596 1200 Camp.

155 1219 267 1261 nihil.
339 1218 491 1276 fueris.
541 1217 669 1258 Amb.
695 1223 731 1257 1.
752 1216 1014 1273 Flor.fue1·i1.
1099 1227 1155 1255 tot
1176 1218 1299 1255 annis.
1349 1213 1452 1254 Item
1468 1213 1596 1254 Aan.

160 1294 197 1327 1.
217 1298 306 1341 quot
327 1302 364 1326 α.
412 1285 517 1325 Flor.
540 1284 641 1339 quoti
661 1302 701 1323 (ι.
744 1284 834 1323 Par.
857 1290 895 1323 2.
917 1294 972 1323 tot
993 1300 1127 1323 annos.
1202 1283 1360 1339 forum.
1407 1280 1534 1327 Amb.
1559 1287 1597 1321 1.

157 1355 293 1394 Turio.
315 1369 465 1392 corum.v
561 1351 749 1407 alfiteris.
803 1350 941 1391 Turio.
974 1350 1183 1406 anfiteris.
1225 1348 1352 1391 Aan,
1373 1354 1412 1389 2.
1437 1367 1458 1388 (ι
1486 1351 1600 1391 neris.

245 1436 331 1460 cum
361 1422 423 1458 iis.
484 1417 609 1458 Amb.
642 1423 681 1456 1.
715 1424 754 1457 2.
784 1416 919 1457 Guelf.
954 1416 1093 1470 Camp.
1128 1434 1211 1456 cum
1239 1417 1313 1457 his.
1420 1417 1467 1456 cle
1493 1417 1600 1470 dign.

159 1488 264 1529 Flor.
291 1486 415 1525 Amb.
435 1490 473 1525 2.
493 1483 584 1523 I’ar.
608 1489 645 1523 1.
667 1491 708 1523 2.
732 1487 922 1522 omittunt
942 1487 1063 1522 etiam
1084 1483 1142 1522 de.

274 1555 312 1604 §.
344 1558 412 1594 28.
474 1554 514 1590 in
545 1550 723 1590 contr-ad.
788 1549 894 1589 Flor.
928 1565 949 1588 a
979 1565 1056 1589 sec.
1086 1565 1141 1589 m.
1177 1548 1303 1589 Amb.
1328 1557 1366 1590 2.
1398 1549 1444 1593 dc
1475 1561 1600 1592 contr.

159 1621 280 1662 Amb.
307 1626 342 1660 1.
360 1620 465 1659 Flor.
491 1633 514 1657 a
533 1634 592 1670 pr.
612 1633 667 1656 m.
698 1620 737 1655 in
768 1616 1107 1656 contradictiones.
1219 1628 1258 1655 ui
1286 1616 1368 1658 Cic.
1407 1617 1531 1658 Amb.
1566 1624 1602 1660 1.

162 1691 321 1728 omittit.
406 1688 531 1724 circa.
575 1682 642 1723 Sic
663 1687 783 1720 etiam
799 1681 922 1722 Amb.
937 1688 974 1722 1.
987 1689 1025 1722 2.
1044 1683 1148 1722 Flor.
1233 1684 1454 1726 Bostarem.
1492 1685 1524 1726 F
1525 1688 1600 1726 lor,

157 1766 367 1809 posim-em.
453 1750 585 1790 veluti.
637 1749 704 1789 Sic
727 1752 848 1788 etiam
868 1747 994 1789 Amb.
1022 1755 1057 1790 1.
1081 1756 1121 1790 2.
1151 1750 1257 1791 Flor.
1272 1783 1283 1801 ‚
1323 1755 1392 1806 qui
1410 1753 1604 1792 accedunt

160 1821 388 1862 Tui-icensis
418 1820 562 1858 errori:
606 1817 709 1856 velut
738 1819 777 1855 in
809 1818 1015 1865 rationem,
1064 1819 1142 1856 nisi
1173 1818 1282 1872 quod
1309 1816 1433 1859 Aan.
1464 1824 1499 1858 1.
1537 1820 1605 1860 dat

163 1892 353 1928 rationum
370 1917 380 1935 ‚
421 1889 567 1925 lacuna
586 1889 673 1924 loco
693 1887 992 1937 praepositionis
1012 1887 1229 1935 interjecta.
1326 1887 1606 1940 propositioni-

162 1958 245 1995 bus.
295 1953 422 1994 Amb.
451 1959 487 1992 1.
519 1951 657 1992 Turio.
687 1968 870 2005 praepos.
984 1951 1216 2006 Pompuleno
1236 1976 1293 1983 —
1315 1952 1605 2007 Pompulenum.

163 2023 229 2063 Sic
258 2026 378 2062 etiam
397 2020 522 2060 Amb.
547 2025 586 2060 2.
602 2051 612 2070 ‚
654 2021 825 2072 primam
845 2034 985 2058 voc-em
1003 2019 1092 2061 Par.
1119 2025 1156 2074 3.Ι
1173 2035 1331 2075 quoque
1354 2022 1409 2059 sic
1429 2020 1604 2061 exhibet.

162 2089 287 2129 Amb.
321 2094 358 2128 1.
395 2087 506 2127 Flor.
531 2086 751 2141 populenio.
809 2085 917 2127 Flor.
945 2087 1209 2142 populantium
1240 2102 1311 2140 pro
1343 2089 1465 2126 altera
1490 2102 1604 2127 voce.

245 2155 559 2196 Ancharianam.
596 2144 747 2193 'Amb.
784 2159 820 2193 1.
861 2157 1132 2194 anconianam.
1202 2153 1310 2194 Flor.
1350 2154 1606 2194 mancharia-

163 2240 268 2263 nam.
357 2221 560 2260 dia-crunt.
609 2218 750 2274 Camp.
772 2220 937 2263 dixerit.
1024 2221 1144 2261 illico.
1196 2220 1321 2262 Aan.
1343 2228 1380 2263 2.
1410 2221 1518 2263 ilico.

163 2293 350 2330 vinctum.
397 2286 520 2328 Goth.
538 2291 728 2341 junctum.
819 2288 1066 2344 faciendum.
1114 2288 1322 2329 Omittunt
1343 2292 1463 2328 etiam
1480 2288 1606 2332 Amb.

168 2363 204 2398 1.
225 2362 264 2397 2.
283 2351 390 2395 Flo‘r.
479 2357 565 2393 erit.
618 2353 740 2395 Amb.
765 2359 800 2394 1.
822 2357 923 2396 ierit.
1023 2359 1178 2410 etipsa.
1227 2355 1363 2397 Turic.
1395 2372 1418 2396 a
1444 2354 1521 2397 sec'.
1551 2373 1606 2397 m.

165 2440 219 2463 ex
258 2426 285 2463 i.
401 2423 662 2475 expositione.
718 2420 857 2475 Camp.
900 2426 1182 2478 expectatione.
1297 2434 1332 2462 et
1369 2423 1604 2478 plerumque.

165 2489 289 2530 Amb.
310 2495 346 2529 1.
365 2503 444 2527 om.
466 2498 515 2528 et.
568 2486 703 2529 Tusic.
736 2503 759 2528 a
778 2505 838 2542 pr.
860 2506 915 2531 111.
951 2503 985 2530 et
1003 2491 1166 2545 plerum.
1282 2490 1325 2529 id
1352 2501 1421 2532 est.
1471 2489 1605 2532 Guelf.

165 2556 289 2597 Amb.
313 2563 351 2596 2.
381 2553 499 2609 Voss·
520 2558 559 2594 3.
589 2554 703 2595 idem.
787 2559 915 2596 tutius.
963 2558 995 2597 F
998 2562 1070 2598 lor.
1094 2574 1114 2596 a
1132 2574 1192 2612 pr.
1212 2573 1267 2599 m.
1290 2560 1420 2605 totius.
1511 2572 1606 2596 con-

166 2623 430 2663 tradictiones.
487 2620 623 2661 Turio,
655 2638 678 2661 a
707 2639 765 2676 pr.
794 2639 850 2664 m.
885 2627 1216 2667 contradictionis.
1270 2623 1403 2665 Guelf.
1421 2622 1605 2663 traditio-

168 2706 241 2729 nes.
339 2699 496 2728 natura.
545 2687 652 2729 Flor.
676 2691 724 2730 ab
746 2701 828 2731 nat.
