1775 3091
401 246 454 285 ad
485 244 647 299 Quintil.
677 244 808 284 Iustie.
843 242 898 291 V,
934 247 998 284 13.
1028 246 1062 297 §.
1095 245 1288 285 34—42.
1479 249 1559 285 295

117 362 235 401 misit.
319 362 476 413 ingenii.
527 358 650 399 Amb.
674 365 713 405 2.
734 359 872 412 ingeni.
971 356 1166 404 cre-(latur.
1216 355 1349 398 Guels.
1372 357 1556 397 creditur.

202 426 304 482 quocl
332 426 613 484 (postfortc).
659 425 849 467 Amb.-1.
871 431 910 466 2.
931 424 1038 466 Flor.
1067 441 1163 476 non,
1193 440 1277 465 nou
1301 425 1434 465 addito
1458 438 1558 463 num

116 494 162 534 hi
191 504 392 549 praeterea
421 494 573 551 quando
595 490 781 533 habeant.

228 564 262 614 §.
294 567 359 603 38.
423 562 573 615 Itaque.
632 558 762 605 Guelfi
796 563 863 600 ita.
982 560 1300 615 reprehensiones.
1357 558 1485 600 Amb.
1518 562 1557 597 1.

114 628 223 670 Flor.
255 644 276 667 a
304 645 362 682 pr.
394 644 448 668 m.
481 638 519 668 et
549 631 624 681 ipsi
652 630 926 681 responsiones,
1042 639 1120 668 aut.
1174 627 1298 668 Amb.
1327 632 1363 667 1.
1388 638 1444 666 ut.

114 697 377 737 obscuritatis.
430 692 565 737 Guelf.
586 695 853 736 obscuritates.
962 695 1102 750 qualis.
1150 694 1283 736 Guelf.
1302 693 1443 749 quales.

113 762 289 804 Rullum.
346 763 471 804 Amb.
496 769 533 805 1.
563 762 671 805 Flor.
701 762 912 802 Rutilium.
972 762 1108 802 Turio.
1138 762 1252 803 Alm.
1284 761 1404 802 Basil.
1429 775 1555 814 marg.

117 831 288 871 rutilum.
332 829 463 872 Guelf.
487 830 675 871 Tullium.
715 830 833 872 Voss.
855 838 894 872 2.
915 830 1072 872 nullum.
1162 841 1230 870 est.
1271 829 1434 871 Omittit
1454 827 1556 870 Obr.

114 898 175 939 At
202 899 310 940 Jens.
345 896 444 938 Loc.
476 897 709 955 Vemjitil.
766 897 972 938 Editioues
1001 901 1129 938 multa
1147 898 1213 937 hic
1234 901 1424 949 miscent,
1466 897 1558 936 vide

114 966 256 1007 Burm.
362 976 427 1005 aui
447 990 503 996 —-
525 976 605 1005 aut.
659 965 866 1007 omittunt
899 969 1008 1019 prius
1041 969 1161 1005 etiam
1182 965 1308 1007 Amb.
1334 971 1369 1004 1.
1387 971 1426 1005 2.
1447 963 1556 1003 Flor.

115 1034 261 1083 Tarm,
303 1037 473 1073 alterum
503 1031 627 1073 Amb.
656 1040 689 1073 1.
792 1034 1066 1089 verborumque
1095 1044 1142 1074 et,
1190 1031 1313 1073 Amb.
1336 1037 1370 1072 1.
1389 1046 1468 1070 om.
1489 1047 1559 1085 que

116 1113 167 1142 et.
267 1105 395 1141 animo
417 1101 571 1139 dantur.
621 1100 687 1140 Sic
709 1104 830 1140 etiam
846 1100 968 1140 Amb.
994 1106 1030 1139 1.
1055 1107 1092 1140 2.
1122 1099 1230 1139 Flor.
1263 1098 1353 1139 Par.
1379 1104 1414 1137 1.
1438 1099 1474 1136 4.

117 1181 197 1213 aut.
252 1168 378 1210 Amb.
407 1174 442 1208 1.
473 1179 520 1208 et.
568 1168 676 1208 Flor.
705 1168 826 1208 Amb.
851 1174 890 1208 2.
921 1167 1009 1208 Par.
1036 1172 1074 1207 1.
1101 1169 1139 1208 4.
1168 1171 1290 1206 etiam
1320 1177 1375 1206 ut.
1494 1167 1557 1205 iis.

118 1235 253 1282 Guelf‚
278 1235 416 1290 Camp.
438 1235 549 1277 Sich.
573 1237 647 1275 his.

233 1306 268 1355 §.
299 1310 364 1345 39.
420 1304 565 1344 odium.
610 1303 722 1344 Alia.
782 1302 908 1344 Aan.
941 1309 978 1344 1.
1007 1304 1126 1342 inser.
1158 1313 1227 1342 cst.
1346 1301 1560 1351 Quintium.

116 1372 243 1414 Amb.
267 1377 303 1412 1.
335 1371 531 1424 Quintum.
647 1374 773 1426 ipsam
793 1373 921 1409 eliam.
981 1368 1115 1410 Guelf.
1143 1387 1174 1410 e.
1196 1373 1224 1409 i.
1339 1368 1560 1407 demissam.

116 1439 240 1481 Amb.
265 1443 302 1480 1.
323 1438 543 1489 dimissam,
584 1454 676 1478 cum
702 1437 840 1490 Camp.
866 1436 984 1477 Voss.
1007 1442 1046 1476 3.
1132 1437 1247 1477 iales.
1298 1434 1434 1476 Turio.
1459 1450 1480 1473 a
1499 1450 1560 1487 pr.

115 1522 170 1547 m.
189 1505 298 1546 iales.
386 1508 609 1546 insectatus.
654 1506 763 1546 Flor.
785 1505 910 1546 Aan.
933 1511 972 1546 2.
1007 1506 1122 1544 ctiam
1141 1515 1321 1549 sectatus.
1371 1502 1496 1543 Amb.
1521 1506 1561 1542 1.
1585 1522 1589 1527 ·

114 1591 135 1615 ε
163 1584 322 1615 ectatus.

132 1592 159 1631 Ρ
229 1644 264 1695 §.
294 1642 363 1681 40.
423 1639 542 1680 Nam.
599 1637 734 1681 Guelf.
773 1638 896 1682 Goth.
924 1639 1050 1680 Amb.
1083 1646 1124 1681 2.
1157 1641 1362 1682 omittunt.
1470 1653 1562 1689 per-

117 1711 261 1751 urbem.
320 1708 458 1751 Turio.
489 1706 624 1761 Camp.
656 1710 860 1748 omittunt.
973 1706 1176 1761 plaustris.
1225 1705 1334 1757 Jens.
1355 1702 1561 1758 palustris.

202 1787 346 1817 vectas.
412 1773 548 1815 Turio.
580 1789 602 1813 a
632 1789 688 1827 pr.
713 1790 770 1814 m.
802 1784 928 1814 vecta.
1043 1774 1180 1827 inquit,
1235 1771 1373 1817 Turio.
1405 1772 1560 1824 iniquis.

118 1842 226 1884 Flor.
247 1842 382 1884 Guelf.
402 1840 529 1881 Aan.
555 1847 594 1882 2.
619 1843 756 1896 inquis.
851 1844 929 1896 qui.
976 1838 1100 1881 Aan.
1123 1845 1159 1880 1.
1180 1841 1285 1895 quia.
1389 1837 1560 1877 clitellis.

118 1911 243 1953 Amb.
267 1916 306 1951 1.
336 1908 472 1950 Turio.
491 1908 597 1949 Flor.
618 1912 738 1948 etiam
761 1907 931 1963 depellis.
1022 1924 1087 1947 eas
1108 1908 1329 1962 apportavi.
1376 1903 1501 1944 Amb.
1524 1910 1560 1944 1.

120 1978 257 2020 Turio.
279 1977 386 2018 Flor.
407 1976 558 2016 easdem
575 1979 746 2031 por-tavi.
792 1975 907 2019 Alm.
930 1975 1060 2018 eodem
1079 1976 1251 2030 portavi.
1291 1971 1409 2013 Voss.
1428 1979 1445 2012 1
1458 2003 1467 2011 .
1488 1971 1562 2011 acl-

118 2056 294 2102 poriatu.
381 2046 608 2084 conviciari.
654 2042 779 2084 Amb.
796 2048 832 2084 1.
847 2046 997 2084 vitiari.
1082 2045 1205 2096 cogit.
1243 2041 1366 2081 Amb.
1388 2046 1424 2080 1.
1450 2039 1558 2080 Flor.

122 2131 146 2157 a
173 2131 233 2170 pr.
262 2129 318 2154 m.
348 2115 557 2166 cogitatio,
597 2127 690 2153 cum
712 2111 874 2161 Turio„
915 2115 986 2167 qui
1012 2113 1160 2152 omittit
1174 2108 1272 2148 Illa.

235 2183 274 2233 §.
303 2181 371 2221 41.
430 2181 652 2220 inhumana.
703 2179 810 2220 Flor.
843 2178 978 2220 Guelf.
1010 2178 1118 2220 Jens.
1150 2186 1193 2218 et
1218 2177 1309 2219 edd.
1341 2184 1432 2216 ante
1462 2175 1558 2216 Ald.

123 2251 306 2291 humana.
393 2250 574 2288 tacuisse.
620 2246 727 2287 Flor.
751 2250 871 2286 etiam
891 2249 1078 2287 accuisse.
1126 2246 1249 2286 Amb.
1272 2250 1312 2285 2.
1342 2243 1431 2284 Par.
1457 2248 1495 2284 1.
1518 2248 1560 2283 2.

125 2320 287 2358 acuisse.
381 2316 588 2356 breviasse.
642 2314 946 2357 Jens.brevisse,
996 2313 1118 2355 Taxv.
1136 2313 1372 2352 brevissime.
1467 2309 1561 2351 dist.

125 2384 205 2425 dic.
258 2381 391 2425 Guelf.
415 2386 535 2423 inser.
562 2399 616 2423 se.

240 2452 277 2502 §.
310 2451 379 2491 42.
434 2460 488 2490 ut.
541 2449 649 2491 Jens.
684 2458 723 2489 et
762 2449 848 2490 edd.
887 2458 979 2490 ante
1017 2448 1129 2489 Sich.
1166 2448 1282 2487 sicut.
1398 2445 1561 2486 Accius.

126 2521 248 2561 Amb.
268 2523 306 2558 1.
327 2515 430 2556 Flor.
450 2532 610 2572 quoque
626 2516 795 2572 Appius.
883 2517 1177 2572 Ctesiphontem.
1217 2516 1383 2555 Amb.2.
1406 2512 1564 2567 Tesiph.

130 2586 269 2639 Camp.
294 2582 489 2638 Tbesiplz.
573 2583 700 2641 jacit.
749 2584 859 2627 Jens.
881 2595 921 2626 et
940 2586 1030 2626 edd.
1051 2593 1144 2624 ante
1173 2582 1282 2623 Sich.
1296 2614 1307 2632 ‚
1346 2596 1429 2620 exc.
1450 2581 1562 2631 Ald.‚

129 2657 336 2695 omittunt.
388 2649 520 2692 Colin.
546 2654 664 2691 inser.
684 2662 772 2705 post
793 2664 848 2694 ui.
897 2652 1005 2694 Sich.
1027 2650 1182 2705 Gryph.
1194 2651 1300 2704 fecit
1319 2651 1455 2688 insert.
1478 2655 1564 2700 post

130 2733 184 2763 ut.
279 2719 407 2763 modo.
454 2719 593 2774 camp.
613 2722 772 2761 omittit.
874 2721 1180 2762 Demosthenem.
1225 2719 1345 2759 Amb.
1367 2721 1403 2756 1.
1428 2714 1563 2755 Turio.
