1775 3091
260 242 339 278 300
699 232 968 290 Supplementa
997 235 1256 274 annotationis

369 351 404 404 ξ.
436 356 475 391 2.
533 350 688 389 ultores.
741 345 864 388 Goth.
888 345 1066 389 ulctoreS.
1162 357 1252 387 rest.
1271 363 1396 402 posse.
1448 345 1569 388 Goth.
1589 364 1628 401 p.
1653 366 1686 388 r.

367 432 404 483 ξ.
432 436 471 470 3.
530 427 672 479 eodem,
696 437 803 465 et--
822 442 899 466 reo.
936 424 1058 467 Amb.
1082 430 1120 466 1.
1142 431 1180 466 2.
1210 425 1314 466 Flor.
1345 418 1534 466 ominum
1568 429 1688 465 etiam

257 508 291 537 et
314 514 388 552 pro
414 497 555 536 codem.
670 496 848 535 omnium.
893 492 1019 534 Aan.
1044 499 1081 534 1.
1102 499 1142 534 2.
1168 494 1271 534 Flor.
1303 497 1424 533 etiam
1454 493 1604 548 aliqua.

255 583 364 620 quem
384 568 548 618 impune.
592 561 694 603 Flor.
722 560 848 602 Amb.
873 567 913 603 2.
946 564 1150 601 omittunt.
1178 561 1287 602 Jens.
1309 571 1348 602 et
1367 562 1457 602 edd.
1479 570 1569 600 ante
1585 559 1685 600 Ald.

256 649 365 688 quem
391 642 568 686 tempore.
678 632 821 684 iniquo.
870 628 1010 682 Camp.
1029 632 1069 668 in
1087 632 1232 684 iniquo.

369 711 404 760 §.
433 710 474 749 4.
532 725 618 748 cum
641 711 855 762 proposito.
915 707 1041 748 Ajnb.
1077 713 1110 747 1.
1148 724 1234 747 cnm
1262 711 1303 747 in
1331 710 1605 762 propositione.

255 779 468 819 contrario.
527 774 654 816 Amb.
688 780 725 815 1.
762 778 982 825 contraria,
1031 776 1101 815 sed
1137 779 1243 828 prius
1277 779 1440 816 fortasse
1477 785 1521 815 ut
1552 776 1685 814 editIo.

338 848 456 885 ratio.
504 842 612 884 Flor.
634 858 656 883 a
676 858 753 883 sec.
772 858 824 882 m.
851 845 993 882 oratio.
1086 842 1262 898 facium.
1307 842 1431 883 Aan.
1456 848 1493 882 1.
1513 848 1552 882 2.
1579 841 1685 881 Flor.

253 916 374 953 etiam
394 923 553 952 actumst
629 927 768 965 poena.
811 909 936 949 Amb.
958 916 997 950 2.
1017 909 1186 964 poenali.
1288 913 1392 964 quin.
1438 907 1561 948 Aan.
1583 914 1620 948 1.
1644 915 1685 949 2.

251 981 343 1023 Par.
367 985 405 1022 1.
428 986 469 1021 2.
487 982 606 1019 etiam
627 978 743 1033 quocl.
790 976 899 1018 Flor.
930 977 1037 1033 quid.
1150 994 1168 1016 e
1189 988 1312 1018 contr.
1362 976 1487 1018 Amb.
1513 982 1553 1018 1.
1581 977 1627 1015 cle
1651 993 1685 1017 c.

339 1060 380 1087 tu
410 1048 521 1087 haec.
576 1046 701 1087 Amb.
733 1061 811 1086 0111.
850 1057 904 1087 iu.
1018 1045 1148 1085 damn.
1190 1056 1231 1084 tu
1259 1048 1308 1085 si.
1366 1045 1475 1085 Flor.
1514 1056 1543 1085 t.
1582 1062 1615 1084 ε.
1646 1044 1685 1085 εἶ.

255 1115 379 1158 Goth.
407 1116 514 1157 Jens.
547 1123 586 1156 et
616 1115 706 1155 edd.
740 1123 832 1154 ante
862 1112 1017 1170 Gryph.
1038 1112 1127 1155 d.s.
1148 1123 1201 1163 t.,
1245 1129 1331 1156 exc.
1353 1112 1486 1165 Sich.,
1525 1128 1626 1168 quae
1647 1111 1686 1151 (l.
1742 1155 1747 1162 .,

249 1187 331 1225 nisi
356 1195 412 1225 tu.

364 1268 399 1317 §.
433 1267 470 1304 5.
531 1264 661 1302 etiam.
711 1259 849 1314 Camp.
872 1262 1033 1301 omittit.
1119 1261 1302 1315 probatio
1329 1284 1385 1291 —
1413 1276 1505 1314 opus
1527 1261 1686 1313 nonsit.

252 1331 378 1372 Aan.
405 1337 440 1371 1.
459 1332 571 1385 prob.
597 1345 864 1383 nonnunquam
886 1332 1002 1367 eiiam
1025 1329 1188 1383 complio
1209 1345 1302 1384 opus
1322 1344 1398 1367 non
1416 1330 1479 1367 sit.
1579 1342 1684 1368 vcro·

253 1398 417 1440 Omittit
439 1402 560 1437 etiffln
576 1397 685 1437 Flor.
796 1399 960 1436 rationis
981 1421 1037 1429 -—
1061 1397 1319 1450 probationis.
1369 1394 1507 1448 Camp.
1538 1397 1690 1434 ratione

251 1459 565 1520 ——probaiiona
651 1461 928 1517 complexione.
975 1462 1084 1502 Flor.
1104 1462 1303 1517 complane
1323 1464 1458 1501 etiam.
1505 1461 1629 1503 Aan.
1643 1469 1682 1503 2.

251 1532 464 1587 cumplane.
571 1533 723 1585 iripert.
757 1542 792 1570 et
821 1531 957 1585 hiperi.
1015 1529 1084 1572 Sic
1114 1532 1235 1569 efiam
1259 1529 1367 1570 Flor.
1397 1528 1524 1569 Amb.
1551 1537 1591 1572 2.
1648 1543 1685 1571 ec

249 1602 385 1656 bipert-
408 1600 555 1640 omittit
580 1598 706 1639 Amb.
740 1603 778 1638 1.

337 1681 372 1732 §.
407 1683 445 1718 6.
502 1677 696 1732 plurimis.
744 1675 873 1717 Amb.
906 1680 943 1716 1.
973 1681 1011 1717 2.
1050 1674 1158 1715 Flor.
1185 1673 1374 1731 pluribus.
1474 1687 1551 1715 tres
1578 1692 1684 1716 sum-

248 1764 352 1788 mum
376 1745 566 1785 videntur.
623 1743 750 1784 Amb.
773 1750 811 1784 1.
839 1759 956 1797 super
980 1746 1142 1783 lituram
1164 1746 1415 1782 rectissimum
1438 1743 1599 1784 videtur.

250 1815 386 1854 habent
416 1816 492 1852 isia
525 1823 604 1852 nal.
651 1811 761 1852 Flor.
782 1810 908 1852 Aan.
931 1817 970 1852 2.
992 1810 1081 1851 Par.
1108 1817 1145 1850 1.
1169 1814 1286 1850 etiam
1304 1811 1415 1849 habet
1436 1813 1465 1851 i.
1484 1828 1522 1851 n.
1569 1811 1680 1853 Sich.

250 1898 411 1938 quoque
448 1881 560 1919 habet
602 1890 682 1919 nat.
793 1879 931 1933 adjici.
989 1877 1127 1931 Camp.
1168 1878 1276 1919 addi.
1388 1895 1443 1918 επ·
1484 1890 1711 1921 consensu.'

251 1950 386 1991 Guelf.
424 1948 548 1988 Amb.
579 1953 619 1988 2.
658 1945 777 1987 Voss.
801 1952 840 1986 2.
862 1952 901 1986 3.
952 1944 1074 1986 Goth.
1112 1945 1220 1986 Jens.
1252 1955 1290 1986 et
1319 1947 1410 1986 edd.
1441 1957 1530 1987 ante
1563 1946 1681 1996 Bad„

249 2034 352 2074 quae
381 2033 434 2055 em
465 2031 686 2055 consensum
703 2045 713 2064 ⁷
764 2017 952 2054 omittunt
980 2030 1049 2053 est.
1178 2014 1490 2054 antecedentium.
1548 2013 1682 2056 Guelfi

246 2077 371 2127 Amss.
409 2091 447 2125 2.
477 2083 595 2123 Voss.
616 2088 656 2122 2.
679 2086 716 2121 3.
738 2096 792 2120 ex
810 2080 982 2120 anteced.
1093 2084 1219 2136 pariis
1240 2092 1274 2120 et
1296 2098 1436 2121 exorn.
1482 2079 1606 2122 Aan.
1641 2088 1678 2123 1.

247 2154 353 2194 Flor.
372 2170 412 2207 p.
434 2167 575 2190 csrorn.
597 2160 651 2188 est
676 2160 724 2189 et.
836 2148 990 2189 eisdem.
1038 2147 1162 2188 Amb.
1186 2154 1223 2189 1.
1255 2149 1360 2189 Flor.
1388 2164 1410 2187 a
1439 2164 1516 2188 sec.
1543 2163 1600 2189 m.
1625 2152 1682 2189 is-

247 2221 348 2261 dem.
396 2218 531 2259 Turio.
562 2232 584 2257 a
606 2234 664 2271 pr.
685 2232 741 2256 m.
771 2213 882 2256 Alm.
915 2214 1050 2256 Guelf.
1083 2215 1208 2256 Amb.
1229 2223 1268 2257 2.
1296 2216 1409 2255 Voss.
1431 2220 1468 2256 1.
1490 2221 1529 2256 3.
1559 2215 1678 2256 Bern.

246 2289 381 2329 eidem.
441 2285 543 2340 [Pro
565 2285 695 2325 cedere
718 2284 809 2324 vide
831 2298 882 2322 an
902 2287 1044 2324 melius
1066 2287 1115 2323 sit
1136 2283 1316 2323 accedere
1335 2286 1400 2324 vel
1419 2286 1653 2338 accensa-22]

357 2378 394 2429 §.
422 2381 463 2417 7.
521 2373 741 2414 Sumamus.
793 2370 918 2413 Aan.
953 2379 990 2414 1.
1020 2389 1209 2423 summm,
1258 2374 1327 2413 sed
1352 2389 1428 2413 sec.
1452 2388 1506 2414 m.
1539 2389 1679 2428 super-

244 2447 398 2498 scripsit
428 2459 465 2482 a.
581 2444 695 2481 enim.
755 2438 821 2480 Sic
849 2444 968 2480 etiam
998 2438 1118 2481 Amb.
1155 2446 1192 2482 1.
1224 2441 1314 2481 Par.
1347 2447 1385 2482 1.
1416 2447 1455 2481 2.
1514 2441 1678 2482 Omittit

246 2517 368 2553 etiam
387 2511 496 2551 Flor.
515 2541 526 2562 ,
567 2519 694 2549 autem
716 2516 806 2548 ante
825 2505 949 2547 Basil.
975 2509 1042 2549 dat
1064 2507 1176 2549 Sich.
1287 2523 1342 2548 ex
1366 2507 1447 2548 Cic.
1499 2506 1629 2548 Guelf.
1649 2524 1677 2547 m

250 2579 333 2620 Cic.
442 2577 721 2631 gubernantur.
775 2572 901 2615 Aan.
936 2581 973 2616 1.
1002 2576 1328 2629 adgubernaniur.
1442 2591 1540 2630 quae
1568 2591 1673 2616 cons-

245 2645 381 2687 Turio.
400 2649 517 2685 inser.
538 2647 633 2684 sine.
745 2653 955 2683 numerant.
1009 2642 1132 2684 Amb.
1157 2649 1193 2683 1.
1215 2655 1342 2692 erant,
1382 2658 1403 2682 a
1427 2657 1504 2682 sec.
1526 2657 1581 2681 m.
1606 2641 1674 2697 fe-

250 2724 349 2753 runt.
411 2710 547 2753 Guelf.
580 2721 762 2751 numerat.
878 2721 1029 2764 putant.
1086 2707 1217 2750 Guelf.
1243 2720 1367 2765 putat.
1485 2719 1671 2763 oportere.
