1775 3091
187 244 267 281 290
638 237 909 292 Supplementa
942 239 1204 276 annotationis

187 352 311 392 Amb.
340 358 379 393 2.
409 362 452 391 at
481 369 511 393 ε.
562 351 670 391 Jens.
694 359 735 389 ut
760 350 795 388 si
819 365 850 390 s.
968 348 1152 390 diductis.
1204 347 1340 391 Guelf.
1361 347 1547 391 deductis.

190 422 379 472 congerie.
432 419 564 461 Guelfi
584 419 800 470 conge-riae.
906 431 1015 457 conc.
1037 427 1090 458 ut.
1136 415 1264 458 Amb.
1297 422 1333 457 1.
1365 416 1472 458 Flor.
1504 418 1630 457 conti,-

187 498 296 525 netur
316 498 371 527 ut.
457 488 574 525 rivos.
628 483 766 527 Turic.
789 498 811 523 a
831 499 909 524 sec.
932 499 986 525 m.
1006 487 1120 524 rivis.
1213 483 1461 524 diducuntur.
1477 490 1484 496 '
1499 483 1627 525 Amb.

189 560 227 594 1.
248 569 408 609 quoque
430 555 589 593 omittit.
676 551 859 607 qualibet.
904 550 1027 592 Amb.
1046 557 1082 592 1.
1105 551 1322 606 quamlibet.
1369 551 1476 591 Flor.
1500 568 1631 606 quem—

188 622 299 671 libet,
349 624 393 659 iu
420 635 544 673 marg.
578 619 778 674 quoslibet.
887 620 1084 673 praebent.
1146 617 1271 659 Goth.
1300 619 1478 674 probent.
1591 629 1633 657 ut

188 705 299 729 nunc.
338 687 405 728 Sic
427 690 548 727 etiam
558 686 666 727 Flor..
686 702 709 727 a
734 702 792 740 pr.
818 701 873 726 m.
896 686 986 727 Par.
1010 691 1078 739 3.3
1120 684 1242 727 Amb.
1271 691 1308 727 1.
1329 697 1413 725 uter
1432 701 1544 726 nunc.

297 768 333 819 §.
366 765 433 806 14.
491 768 590 804 satis
612 775 681 805 cst.
726 764 833 805 Flor.
855 780 1014 820 quoque
1037 775 1099 805 sat
1120 781 1153 804 e.
1267 763 1380 819 quod.
1428 762 1555 804 Amb.
1589 768 1628 805 1.

186 834 337 888 quibus.
450 843 600 886 arguet.
646 828 759 873 Alm.
789 830 928 888 Camp.
964 834 1109 886 arguit.
1227 848 1291 871 reo
1313 831 1394 873 elic.
1441 831 1567 873 Amb.
1591 836 1629 870 1.

185 900 217 941 F
219 904 293 941 lor.
314 899 430 942 AJm.
452 915 613 956 quoque
636 916 740 939 reum
763 898 802 940 ἆ.
916 915 987 941 nos
1008 916 1083 940 non
1103 915 1225 940 enum.
1277 896 1416 953 Camp.
1437 912 1520 939 om.
1541 914 1632 939 non.

269 968 344 1008 hoc
363 971 432 1009 int.
483 966 604 1009 Goth.
623 970 743 1008 inser.
765 983 854 1007 non.

299 1049 335 1100 ξ.
369 1051 435 1087 15.
485 1057 624 1087 tamen.
681 1045 792 1087 Jens.
820 1043 919 1085 Loc.
949 1043 1057 1085 Ven.
1087 1044 1191 1086 Bad.
1229 1043 1381 1086 Cervic.
1410 1053 1550 1085 autem.

185 1114 389 1169 quomodo.
450 1113 588 1154 Turio.
620 1128 643 1153 a
671 1128 730 1168 pr.
761 1127 818 1153 m.
846 1111 954 1154 Flor.
983 1111 1100 1154 Alm.
1130 1112 1366 1168 quodmodo.
1477 1126 1633 1166 negare.

189 1180 325 1222 Guelf.
360 1179 479 1223 Goth.
512 1183 662 1234 negari.

301 1262 337 1314 ξ.
371 1264 436 1300 16.
496 1268 749 1313 ὲιιρειὌαοιια.
788 1257 926 1299 Turio.
950 1273 972 1299 a
992 1273 1051 1311 pr.
1072 1273 1126 1299 m.
1145 1258 1251 1299 Flor.
1273 1273 1548 1313 supervacuae.

187 1338 224 1366 ct
244 1327 377 1367 stulta.
427 1326 554 1367 Amb.
580 1331 617 1366 1.
638 1343 692 1365 cx
712 1329 809 1366 vita.
897 1336 953 1365 est
974 1328 1087 1366 artis.
1134 1324 1256 1366 Goth.
1276 1342 1312 1366 α.
1332 1342 1364 1365 e.
1453 1327 1634 1365 rationes.

187 1395 311 1434 Amb.
327 1401 362 1434 1.
389 1392 524 1436 Guelf,
544 1396 742 1435 rationem.
793 1394 902 1434 Flor.
933 1392 1048 1433 Ahn.
1071 1392 1197 1432 Aan.
1218 1399 1257 1433 2.
1280 1395 1441 1433 ratione.
1550 1408 1634 1433 nec.

189 1461 399 1502 Omit‘tunt
416 1461 525 1501 Jens.
547 1460 668 1500 Tarv.
776 1477 925 1515 quoque
944 1460 1049 1500 obse.
1103 1459 1229 1500 Amb.
1265 1465 1302 1499 1.
1329 1463 1449 1500 inser.
1480 1458 1593 1515 quod.

303 1541 340 1590 §.
374 1543 440 1584 17,
501 1548 602 1577 orat.
626 1540 695 1579 int.
750 1537 817 1577 Sic
850 1540 970 1576 etiam
1001 1535 1103 1577 Obr.
1136 1546 1175 1576 et
1201 1540 1341 1590 procul
1363 1538 1484 1576 dubio
1505 1535 1632 1576 Amb.

191 1612 228 1648 1.
287 1606 447 1646 Vermn
473 1603 598 1648 Aan‚
620 1611 659 1645 2.
691 1604 824 1645 Guelf.
853 1604 965 1645 Sich.
996 1603 1125 1644 Stoer.
1156 1604 1224 1643 sed
1251 1615 1278 1643 t.
1306 1607 1333 1648 i.
1358 1614 1476 1646 mest.
1533 1603 1634 1645 Ald.

190 1674 242 1712 Et
262 1685 291 1714 t.
313 1675 340 1713 i.
364 1689 400 1712 o.
423 1683 490 1714 cst.
605 1682 671 1711 aut
701 1689 726 1711 α
756 1688 887 1711 causa.
936 1670 1061 1711 Amb.
1088 1676 1125 1712 1.
1153 1686 1231 1712 om.
1266 1688 1304 1711 α.
1416 1682 1499 1727 pot.
1523 1687 1630 1711 caus.

191 1740 331 1793 Camp.
353 1756 386 1779 c.
403 1756 444 1793 p.
545 1736 753 1790 Objicitur,
802 1736 923 1778 Goth.
949 1739 1130 1778 obicitur.
1224 1738 1459 1778 detraxerit.
1505 1737 1631 1778 Amb.

193 1814 230 1847 1.
257 1809 524 1849 contraxerit,
612 1805 681 1844 secl
711 1804 753 1844 id
775 1817 899 1847 contr.
954 1803 1058 1845 Item
1077 1804 1184 1845 Flor.
1203 1803 1329 1845 Amb.
1351 1811 1392 1845 2.
1420 1804 1510 1845 Par.
1535 1811 1570 1845 1.
1590 1812 1632 1847 2.

192 1881 256 1925 3,;
306 1872 430 1915 Amb.
457 1879 493 1913 1.
524 1871 592 1912 secl
621 1875 659 1912 in
689 1883 811 1914 contr.
943 1872 1073 1914 iidem.
1121 1870 1256 1913 Guelf.
1285 1871 1411 1913 Amb.
1446 1879 1486 1914 2.
1518 1873 1633 1914 idem.

192 1944 412 1996 objecerint.
459 1941 569 1981 Jens.
591 1950 630 1980 et
652 1941 742 1980 edd.
774 1950 865 1981 ante
892 1940 1022 1982 Stoer.
1051 1941 1283 1993 objecerunt.
1387 1939 1489 1995 quod
1508 1943 1541 1979 is
1559 1956 1633 1980 vo-

190 2010 320 2049 luerit.
368 2007 506 2061 Camp.
529 2010 597 2064 qui
616 2007 884 2048 dissolverunt.
932 2007 1044 2049 Sich.
1073 2025 1110 2063 q.
1145 2007 1206 2047 his
1225 2023 1263 2049 v.
1375 2023 1509 2048 exerc.
1530 2006 1632 2061 larg.

191 2093 296 2117 corr.
349 2075 458 2117 Jens.
481 2085 519 2116 et
541 2076 632 2116 edd.
657 2084 748 2116 ante
768 2074 898 2116 Stoer.
918 2075 942 2117 l.
964 2092 998 2116 c.
1021 2092 1053 2116 e.

303 2159 338 2207 §.
372 2159 439 2195 18.
493 2153 588 2199 lecti
615 2177 672 2185 —
697 2153 860 2195 codicis.
914 2152 1036 2194 Amb.
1064 2158 1101 2194 1.
1128 2152 1266 2194 Turio.
1294 2169 1317 2194 a
1341 2168 1400 2207 pr.
1435 2167 1491 2193 m.
1521 2151 1630 2193 Flor.

192 2221 332 2275 Camp.
355 2221 452 2261 lecto
480 2245 537 2254 --
569 2221 715 2263 codice.
764 2220 901 2261 Turio.
931 2233 953 2260 a
979 2236 1057 2262 sec.
1085 2235 1141 2261 m.
1175 2221 1265 2260 lecti
1293 2245 1351 2253 -—-·
1379 2219 1547 2261 codices.

190 2307 250 2343 qn.
284 2293 364 2344 ipse
378 2289 468 2346 fat.
528 2288 596 2329 Sio
631 2292 751 2328 etiam
780 2287 906 2329 Amb.
932 2294 968 2329 1.
991 2294 1030 2329 2.
1061 2287 1168 2330 Flor.
1197 2287 1286 2328 Par.
1310 2294 1347 2328 1.
1368 2293 1409 2328 2.
1434 2292 1473 2328 3.
1583 2286 1633 2339 Q.

190 2355 311 2395 Amb.
347 2362 383 2397 1.
414 2362 453 2397 2.
492 2355 598 2398 Flor.
634 2360 753 2395 etiam
784 2356 835 2396 L.
949 2354 1062 2410 quod.
1122 2353 1263 2410 Camp.
1295 2357 1376 2411 qui.
1487 2355 1632 2412 efficit.

189 2423 308 2464 Voss.
337 2429 374 2464 1.
399 2429 437 2464 3.
467 2422 574 2463 Jens.
607 2432 646 2463 et
673 2424 762 2464 edd.
784 2432 874 2463 ante
893 2422 990 2463 ΑΜ.
1012 2424 1146 2480 ffcit.

304 2504 341 2552 §.
375 2506 441 2542 19.
505 2501 640 2542 Cetera
660 2518 771 2556 quae.
818 2500 955 2542 Turio.
988 2517 1010 2541 a
1030 2518 1089 2555 pr.
1108 2517 1164 2543 m.
1197 2512 1444 2556 ceteramque.
1534 2515 1632 2555 pro-

186 2585 278 2621 pon.
324 2569 451 2609 Amb.
475 2576 511 2609 1.
532 2587 721 2623 praepon.
837 2585 973 2609 comm.
994 2594 1048 2600 -
1069 2569 1195 2610 habet.
1243 2569 1311 2610 Sic
1341 2573 1462 2608 etiam
1478 2567 1567 2608 Par.
1591 2572 1628 2606 1.

190 2634 251 2674 At
280 2636 385 2677 Flor.
419 2636 543 2677 Amb.
564 2644 604 2678 2.
639 2652 732 2678 cum
760 2638 844 2675 aliis
875 2637 982 2688 apud
1011 2636 1150 2690 Spald.
1185 2639 1396 2676 communis
1415 2635 1542 2675 habet.

191 2705 378 2757 autfinit.
425 2703 532 2745 Flor.
555 2720 577 2745 a
595 2722 654 2759 pr.
672 2720 727 2745 m.
758 2704 865 2746 Jens.
895 2721 944 2743 cm
961 2702 1009 2759 s.
1121 2706 1264 2757 generi.
1315 2702 1449 2744 Guelf.
1474 2716 1612 2754 genere
