1775 3091
260 289 341 327 260
693 281 964 337 Supplementa
992 283 1254 321 annotationis

341 397 438 451 subj.
469 412 584 436 marr,
643 393 783 448 Camp.
812 411 866 435 m.
895 410 929 435 s.
1023 392 1217 435 videntur.
1265 392 1370 436 Flor.
1402 408 1561 449 quoque
1591 394 1693 435 clivi-

257 464 408 504 dcntur.
523 463 598 502 Em
626 463 699 502 his.
756 461 884 502 Aan.
916 467 953 501 1.
982 466 1023 503 2.
1054 477 1108 500 ex
1135 463 1195 502 iis.

366 536 401 584 §.
436 535 501 571 56.
560 546 635 569 non
675 531 768 584 quia
795 554 851 561 —-
879 529 1022 580 arbor,
1074 531 1216 583 utique.
1273 527 1398 569 Amb.
1431 534 1470 571 1.
1509 545 1585 569 non
1623 546 1696 584 que

256 598 378 638 arbor
410 597 593 652 platanus
634 608 690 636 est
729 597 781 636 acl
821 597 915 651 quicl
955 597 1074 637 arbor
1110 599 1252 651 utique.
1310 595 1418 637 Flor.
1459 599 1581 636 etiam
1618 613 1695 637 non

259 682 370 720 qnae,
485 665 579 718 qnia
616 674 672 703 est
709 665 791 704 arb.
829 664 928 719 plat.
986 664 1124 718 Camp.
1166 681 1205 720 q.
1236 682 1267 704 e.
1300 681 1337 704 a.
1368 667 1499 718 utique
1522 663 1580 719 pl.

259 733 368 782 Nec,
410 731 513 785 quod
539 755 595 767 —.-
620 734 786 784 justitia.
844 731 969 772 Amb.
992 738 1029 773 1.
1058 732 1164 773 Flor·
1197 747 1218 771 a
1237 748 1296 785 pr.
1318 747 1370 770 ln.
1394 748 1460 771 nec
1484 730 1590 796 quot}
1609 733 1695 770 vir-

258 811 319 838 ius
349 810 404 837 cst
432 802 561 853 utique
601 798 732 852 (Flor.
762 802 880 840 inser.
913 802 1017 848 non)
1055 809 1180 853 potest
1220 816 1298 837 csse
1327 801 1528 853 injustitia.
1638 798 1693 838 It.

257 882 284 904 a
307 882 395 919 gen.
453 866 559 906 Flor.
591 882 751 921 quoque
781 876 820 906 et
848 865 974 907 Ajnb.
995 872 1035 906 2.
1067 870 1257 905 omittunt
1286 882 1324 906 a.
1421 881 1529 921 perv.
1552 876 1607 905 est
1627 865 1694 906 acl.

256 931 383 973 Amb.
417 939 454 973 1.
486 950 565 974 om.
597 944 665 973 cst.
781 935 879 972 enim
911 950 997 986 gen.
1029 944 1097 972 est.
1158 932 1296 985 Camp.
1328 943 1382 971 est
1411 950 1467 972 en.
1494 950 1583 985 gen.

259 1003 482 1041 communis.
540 1000 666 1041 Amb.
699 1006 735 1041 1.
779 1000 934 1054 Camp..
977 1017 1183 1040 commune.
1267 999 1476 1040 demonstr.
1507 999 1548 1039 id
1577 999 1694 1054 quod.

257 1065 325 1107 Sic
355 1071 474 1107 etiam
504 1067 628 1108 Amb.
657 1073 694 1108 1.
725 1068 831 1108 Flor.
863 1072 949 1108 Par.
977 1073 1015 1108 1.

371 1136 408 1184 §.
439 1140 505 1176 57.
552 1138 731 1191 firmam.
789 1135 923 1188 Camp.
954 1152 1151 1175 summam.
1238 1152 1313 1175 non
1341 1146 1397 1175 cst
1423 1137 1518 1189 just.
1561 1133 1697 1175 Guelf.

257 1216 338 1242 om.
370 1213 438 1241 est.
526 1214 648 1242 const.
679 1213 780 1243 cont.
825 1202 934 1243 Jens.
969 1204 1149 1242 ordinem
1189 1212 1328 1243 mutat.
1414 1206 1555 1256 itaque.
1595 1200 1694 1243 Ald.

255 1270 326 1308 ita.
433 1286 458 1308 α
485 1275 625 1324 specie.
677 1269 802 1322 Amb.
834 1275 871 1310 1.
902 1271 950 1308 ab
980 1287 1039 1325 sp.
1137 1273 1213 1309 nisi
1250 1287 1390 1310 omncs.
1435 1267 1557 1310 Amb.
1589 1274 1626 1308 1.
1652 1275 1693 1309 2.

254 1334 345 1376 Par.
378 1342 415 1377 1.
452 1342 488 1378 5.
530 1341 669 1379 inserr.
705 1348 760 1377 ut.
862 1349 1140 1378 removeantur.
1198 1336 1332 1376 Etiam
1360 1337 1484 1376 Amb.
1521 1342 1555 1376 1.
1585 1336 1694 1376 Flor-

252 1416 587 1457 praemoveamur.
699 1404 813 1456 Quod
843 1422 960 1459 neque
988 1430 1045 1436 -—
1083 1422 1158 1445 non
1186 1415 1255 1444 est.
1313 1404 1441 1444 Amb.
1476 1409 1514 1444 1.
1556 1403 1696 1456 Camp.

256 1487 294 1524 q.
326 1487 363 1511 n.
395 1471 560 1511 mortale
589 1489 622 1510 e.
652 1489 689 1511 n.
722 1472 941 1510 immortale
981 1489 1019 1511 a.
1060 1489 1096 1512 n.
1132 1482 1200 1510 est.
1259 1470 1397 1511 Turio.
1434 1470 1541 1511 Flor.
1578 1486 1601 1509 a
1634 1487 1694 1523 pr.

254 1552 311 1577 m.
345 1555 380 1592 q.
412 1555 449 1578 n.
481 1538 686 1577 inmortale
724 1538 873 1576 animal
907 1549 976 1578 cst.
1033 1536 1145 1578 Alm.
1185 1554 1263 1579 0111.
1297 1555 1394 1589 non,
1436 1537 1544 1578 Jens.
1572 1537 1694 1578 Tarv-

255 1608 364 1659 prius
392 1623 521 1660 neque.
583 1604 706 1645 Goth.
738 1606 803 1644 dat
833 1622 901 1645 nec
928 1630 984 1635 -—
1013 1622 1092 1646 nec.

368 1674 404 1725 §.
438 1677 503 1712 58.
561 1675 725 1726 propria
755 1683 789 1710 et
821 1673 1058 1727 clfffhreniia.
1099 1672 1224 1713 Ajnb.
1245 1678 1283 1713 1.
1302 1676 1491 1728 propriae
1511 1670 1697 1726 Hgssffiren-

256 1741 358 1789 tiae,
397 1740 506 1793 quod
535 1743 655 1778 etiam
684 1738 791 1778 Flor.
824 1755 846 1777 a
878 1755 936 1791 pr.
969 1755 1049 1790 m.‚
1097 1741 1166 1779 sed
1191 1743 1375 1794 proprie,
1416 1754 1508 1779 cum
1541 1738 1694 1789 Turio„

254 1808 332 1845 nisi
363 1807 471 1861 quod
499 1807 565 1846 hic
595 1817 629 1844 et
658 1821 740 1844 non
770 1808 928 1845 omittit.
1021 1806 1150 1861 diffir.
1181 1807 1320 1861 Propr.
1353 1805 1486 1847 Guelf.
1509 1803 1631 1845 Amb.
1653 1811 1695 1846 2.

255 1872 376 1913 Bern.
410 1873 528 1913 Voss.
564 1879 603 1914 1.
635 1878 672 1913 3.
706 1871 828 1913 Goth.
859 1873 978 1913 Voss.
1000 1880 1040 1915 2.
1070 1873 1178 1914 Jens.
1210 1873 1331 1914 Tarv.
1361 1872 1458 1914 Ald.
1487 1875 1626 1912 insert.
1656 1888 1696 1912 a.

344 1940 524 1995 Propriis
549 1965 606 1972 --
633 1940 812 1981 solvitur.
859 1939 983 1982 Amb.
1016 1947 1054 1982 1.
1085 1940 1194 1982 Flor.
1226 1956 1248 1980 a
1277 1957 1336 1994 pr.
1359 1957 1414 1981 m.
1445 1941 1544 1980 haec
1574 1942 1697 1979 omit-

255 2017 360 2048 tunt.
452 2007 671 2062 Proprium.
710 2006 816 2048 Flor.
847 2024 869 2046 a
887 2024 946 2061 pr.
965 2024 1021 2049 111.
1049 2011 1246 2063 proprius.
1334 2008 1438 2063 quocl
1455 2007 1543 2048 soli.
1582 2005 1696 2046 Alm.

258 2075 448 2130 quidquid
475 2076 561 2116 soli.
659 2075 762 2130 quod
800 2078 942 2129 utique.
1010 2076 1136 2116 Amb.
1172 2081 1210 2116 1.
1250 2075 1386 2116 Turio.
1416 2074 1521 2114 Flor.
1553 2072 1693 2127 Camp.

257 2143 447 2198 quidquid
475 2147 620 2197 utiquc.
714 2142 931 2198 calefacere
955 2153 959 2156 '
993 2143 1121 2184 Amb.
1141 2149 1180 2184 2.
1213 2159 1370 2199 quoque
1401 2142 1609 2198 calfacere.

257 2211 422 2264 ejusdem
447 2213 514 2250 rei.
563 2209 680 2250 Goth.
701 2212 778 2263 ejus
799 2212 866 2249 rei.
955 2210 1207 2265 quodcunque
1225 2236 1281 2242 —
1299 2227 1374 2249 non
1397 2213 1540 2264 utique.
1582 2208 1694 2249 Haec

258 2280 405 2317 omittit
435 2277 572 2331 (amp.
660 2278 779 2317 solvet
803 2293 865 2307 ·-
896 2278 1156 2333 confirmabit.
1195 2278 1320 2319 Amb.
1346 2284 1382 2319 1.
1413 2292 1571 2332 quoque
1601 2291 1694 2317 cum

258 2343 363 2385 Flor.
395 2345 510 2384 solvit
539 2371 595 2376 —-
625 2348 843 2401 confirmat.
1437 2398 1464 2404 υ
1495 2386 1497 2388 ,

372 2414 408 2462 §.
443 2418 507 2453 59.
567 2414 660 2468 quid
697 2415 760 2452 siu
824 2409 944 2452 Goth.
976 2411 1080 2466 qnod
1106 2414 1170 2452 sit.
1278 2415 1456 2468 cujusque
1483 2414 1690 2468 quaeritur.

257 2478 382 2520 Amb.
410 2485 442 2518 1.
480 2479 585 2520 Flor.
619 2496 641 2520 a
671 2497 729 2534 pr.
759 2494 814 2518 m.
846 2495 1005 2535 quoque
1035 2480 1190 2535 hujusce
1218 2491 1436 2535 quaeretur.
1520 2489 1690 2520 vocetur.

257 2545 383 2587 Amb.
414 2552 451 2587 1.
478 2554 516 2588 2.
545 2547 652 2587 Flor.
687 2547 853 2586 dicatur.

369 2617 403 2666 §.
434 2621 497 2656 60.
559 2616 636 2667 Qui
663 2631 803 2654 servus.
858 2612 965 2654 Flor.
998 2613 1136 2668 Camp.
1174 2617 1210 2654 si
1238 2631 1380 2655 servus.
1462 2615 1498 2652 si
1524 2629 1690 2652 manum.

259 2679 396 2735 Camp.
429 2685 498 2721 etsi
525 2700 626 2722 man.
710 2682 852 2722 itidem.
907 2680 1039 2720 Etiam
1067 2682 1174 2724 Flor.
1203 2682 1325 2723 Amb.
1351 2689 1390 2724 2.
1416 2680 1506 2721 Par.
1539 2684 1572 2719 1.
1594 2685 1629 2720 2.
1652 2684 1689 2719 3.

258 2746 369 2788 idem.
453 2750 643 2790 addictus.
691 2749 814 2791 Amb.
849 2753 885 2790 1.
915 2748 1122 2790 addicitur.
1175 2749 1314 2804 Camp.
1346 2748 1521 2802 adjectis.
1568 2746 1688 2788 Tarv.
