1775 3091
456 234 510 275 ad
536 234 697 291 Quintil.
719 234 846 274 Instit.
879 233 934 283 V,
963 238 1002 279 7,
1023 234 1059 285 §.
1076 238 1271 277 27—35.
1500 242 1582 282 243

142 352 260 391 testis.
318 348 455 390 Guelf.
497 352 647 391 venusti
683 360 808 389 testes.
875 347 1014 402 Camp.
1053 363 1089 388 v.
1117 350 1254 389 testies.
1371 352 1580 406 respondet,

142 416 278 459 Guelf.
314 417 551 472 respondent.
664 415 781 469 vulgo
798 415 981 474 favetur.
1032 414 1168 456 Turic.
1200 430 1222 457 a
1244 432 1302 470 pr.
1321 433 1375 458 m.
1393 435 1425 457 v.
1446 420 1581 475 fatue—

139 496 224 535 την,
267 500 289 525 a
318 500 395 526 sec.
426 484 565 538 vulgus
583 484 757 541 fatetur.
871 495 950 523 tum
988 483 1092 523 verb.
1154 481 1288 525 Guelf.
1320 496 1400 524 tam
1428 504 1465 528 v.

138 563 220 593 aut.
253 569 358 607 saep.
391 555 481 607 imp.
541 552 668 592 Amb.
691 556 727 591 1.
759 566 918 605 quoque
949 562 1028 591 aut.
1061 568 1166 606 saep.
1197 563 1266 592 est.
1324 551 1456 594 Guelf.
1497 568 1577 596 aut.

138 630 173 657 et
201 631 256 658 est
286 636 318 659 s.
345 623 436 674 imp.
534 619 627 658 leve.
687 616 810 658 Amb.
835 624 871 658 1.
905 618 991 658 lez-i.
1089 621 1379 672 interrogantis.
1438 622 1577 666 Turio,

137 689 471 739 interrogativum.
539 685 645 726 Flor.
687 700 710 724 a
744 701 803 739 pr.
840 702 895 726 m.
934 689 1197 739 interrogatis,
1266 687 1379 730 AJm.
1411 694 1580 734 interr-0-

132 763 284 806 gaium.

249 822 286 873 §.
320 826 383 862 32.
439 820 541 860 Illae
569 836 659 859 vcro
683 823 872 876 pessimae
900 831 1016 860 artes.
1086 819 1220 861 Guelf.
1258 822 1330 863 illo
1369 841 1457 865 vere
1489 845 1580 881 pes-

134 891 235 928 sima
264 900 362 928 arte.
420 887 543 928 Amb.
563 894 602 929 2.
636 890 662 928 i.
693 904 730 928 v.
759 891 921 942 pessime
949 905 987 928 a.
1073 889 1270 931 subsellia.
1327 890 1466 947 Camp.
1486 896 1579 935 suh..

134 955 246 997 selia.
358 955 581 996 adversarii
617 958 778 997 minere.
834 955 971 996 Turio.
1014 953 1151 1009 Camp.
1182 957 1349 998 adversa
1377 964 1580 1004 remittere.

219 1034 261 1063 ut
289 1022 389 1062 inde.
451 1022 573 1062 Goth.
605 1034 637 1062 e!
667 1023 769 1062 inde.
828 1022 946 1063 ἾΤΟεε.
979 1029 1014 1063 2.
1045 1034 1086 1062 ut
1107 1024 1251 1078 judex.
1368 1031 1578 1070 exciiaius.

133 1090 260 1131 Amb.
297 1096 333 1130 1.
376 1102 410 1129 et
441 1093 596 1130 citatus.
656 1089 772 1130 Voss.
805 1096 844 1131 2.
879 1093 1034 1130 citatus.
1149 1092 1326 1132 dicendo.
1379 1093 1505 1136 Amb.
1536 1104 1576 1138 2.

134 1158 315 1198 fidendo.
430 1157 583 1196 sederit.
643 1157 779 1198 Turic.
810 1156 917 1197 Flor.
935 1189 944 1207 ‚
977 1166 1145 1212 uterque
1175 1174 1197 1198 a
1216 1175 1275 1212 pr.
1299 1175 1354 1200 m.
1386 1162 1578 1204 sederunt.

219 1242 305 1266 cum
347 1225 480 1279 adjnv.
539 1223 674 1266 Guelf.
718 1241 800 1263 eum
840 1224 1045 1264 audivisse.
1106 1224 1242 1279 Camp.
1272 1243 1356 1266 eum
1383 1229 1464 1282 adj.

131 1292 336 1334 videbitur.
395 1292 520 1332 Aan.
547 1297 582 1332 1.
608 1292 822 1332 videbatur.
883 1290 1007 1333 Goth.
1039 1291 1157 1333 Voss.
1178 1299 1217 1333 2.
1238 1294 1402 1336 videtur.
1520 1315 1576 1338 ex

135 1361 342 1400 industria.
403 1358 524 1401 Goth.
568 1371 602 1398 et.
642 1359 723 1399 ind.
838 1369 987 1398 tantum
1016 1359 1146 1401 dictis.
1204 1360 1330 1403 Amb.
1363 1369 1399 1403 1.
1440 1364 1575 1406 TurIc.

131 1427 237 1467 Flor.
270 1426 408 1480 Camp.
445 1427 540 1466 dicti
570 1438 730 1466 lantum.
846 1444 894 1465 au
920 1438 1005 1465 erat
1033 1430 1317 1468 auctoritaiem.
1376 1430 1502 1474 Amb.
1534 1440 1572 1474 1.

131 1498 253 1535 etlam
294 1495 440 1550 affin-at
477 1505 579 1533 auct.
648 1494 755 1533 Flor.
797 1492 923 1532 Amb.
955 1499 994 1534 2.
1033 1493 1123 1535 Par.
1161 1499 1198 1536 1.
1230 1500 1268 1537 5.
1298 1512 1457 1554 quoque
1488 1501 1575 1558 fflfi

129 1561 348 1602 utilitatem.
464 1578 504 1600 se
530 1578 640 1616 pars,
699 1560 821 1602 Goth.
849 1580 888 1616 p.
920 1579 948 1600 s.

243 1631 278 1684 §.
310 1634 377 1669 33.
437 1631 652 1669 seientiam.
711 1628 837 1669 Amb.
869 1634 907 1669 1.
945 1628 1082 1669 Turio.
1115 1628 1256 1683 Camp.
1287 1635 1462 1674 scicntia.

129 1699 170 1736 in
204 1697 376 1736 testibus.
433 1699 554 1736 Amb.
591 1701 628 1736 1.
665 1695 802 1736 Turio.
832 1695 939 1735 Flor.
973 1711 996 1735 a
1021 1712 1080 1749 pr.
1119 1712 1170 1735 m.
1200 1697 1244 1736 id
1274 1709 1300 1736 t.
1414 1717 1494 1739 esse
1533 1685 1595 1740 in-

130 1780 216 1817 arg.
277 1761 398 1803 Goth.
431 1779 509 1803 om.
541 1766 591 1801 in.

244 1832 280 1880 §.
314 1832 381 1870 34.
439 1847 586 1884 semper
614 1841 739 1868 tamen
765 1831 863 1881 jaci.
921 1827 989 1868 Sic
1004 1831 1125 1867 etiam
1141 1828 1268 1870 Amb.
1290 1837 1343 1883 1.‚
1365 1837 1442 1873 ulsi
1462 1837 1571 1890 quod

132 1907 223 1938 ante
255 1915 402 1952 semper
430 1900 547 1936 inser.
577 1908 633 1944 et,
676 1911 768 1935 cum
797 1895 904 1935 Flor.
933 1895 1058 1936 Amb.
1084 1902 1122 1936 2.
1151 1896 1240 1937 Par.
1266 1903 1299 1938 1.
1321 1906 1360 1940 2.
1387 1907 1421 1941 3.
1535 1915 1572 1942 et

130 1968 312 2020 quaestio.
373 1964 508 2005 Turio.
540 1964 647 2004 Flor.
680 1980 702 2003 a
721 1980 780 2017 pr.
798 1979 851 2003 m.
879 1962 1018 2016 Camp.
1049 1962 1199 2005 Cervic.
1230 1964 1331 2006 Obr.
1361 1968 1430 2006 secl
1449 1986 1484 2023 q.

130 2049 185 2072 ex·
217 2036 321 2087 ipsis,
378 2032 487 2072 Jens.
519 2041 558 2072 et
591 2032 679 2070 edd.
720 2041 810 2071 ante
841 2030 969 2071 Stoer.
1000 2045 1134 2080 meae,
1185 2047 1293 2073 exeo.
1324 2033 1423 2075 Ald.
1454 2035 1568 2077 Sich.

221 2100 311 2139 Utri
338 2099 425 2139 mel.
485 2098 621 2138 Turio.
652 2099 784 2150 Flor.,
828 2108 992 2153 uterque
1022 2113 1044 2136 a
1068 2113 1127 2150 pr.
1157 2114 1237 2150 m.,
1278 2098 1388 2142 Alm.
1425 2101 1566 2157 Camp,

131 2177 259 2212 uirum
280 2183 332 2207 m.
373 2166 510 2207 Turio.
534 2182 555 2205 a
578 2182 655 2207 sec.
674 2182 729 2207 m.
753 2169 871 2205 uir-im
888 2183 938 2206 m.
1027 2165 1117 2204 Utri
1134 2169 1262 2220 magis
1279 2191 1329 2198 —
1355 2167 1570 2222 litigatori..

130 2236 212 2275 bus.
271 2234 338 2275 Sic
377 2237 497 2273 etiam
535 2232 670 2275 Guelf.
788 2233 878 2272 Um·
903 2243 1007 2286 grat.
1063 2232 1199 2274 Turio.
1229 2234 1360 2286 Flor.,
1400 2247 1567 2292 uterque

130 2317 154 2341 a
182 2318 240 2356 pr.
268 2318 322 2342 m.
352 2313 477 2341 utrum
504 2318 565 2355 gr.
622 2301 759 2342 Turio.
801 2317 824 2341 a
852 2317 928 2341 sec.
962 2316 1016 2339 m.
1047 2303 1161 2339 mrim
1188 2317 1250 2353 gr.

242 2369 277 2421 §.
309 2374 374 2409 35.
433 2369 615 2422 adjicere.
677 2367 806 2409 Guelf.
838 2369 1033 2422 adjicient.
1145 2370 1302 2421 siquis,
1359 2368 1486 2409 Amb.
1525 2375 1563 2411 1.

129 2435 268 2478 Turio.
297 2435 404 2476 Flor.
434 2435 548 2476 Alm.
580 2435 715 2476 Guelf.
742 2435 867 2476 Amb.
900 2442 940 2476 2.
971 2435 1089 2475 Voss.
1126 2440 1164 2474 3.
1195 2438 1231 2472 si
1259 2437 1335 2489 qui.
1421 2451 1566 2476 vocem-

128 2516 206 2544 ίαν.
264 2502 387 2543 Amb.
413 2509 450 2544 1.
482 2503 614 2542 Turio.
643 2503 750 2543 Flor.
783 2502 915 2544 Guelf.
947 2503 1065 2543 Voss.
1088 2508 1126 2542 3.
1158 2501 1269 2542 Sich.
1297 2513 1451 2542 vocant.

129 2572 330 2612 ominibus.
386 2569 522 2610 Turio.
545 2586 566 2610 a
585 2586 643 2623 pr.
666 2586 721 2611 m.
744 2570 852 2612 Flor.
881 2570 1004 2611 Amb.
1028 2576 1064 2611 2.
1091 2569 1199 2610 Jens.
1230 2570 1414 2610 omnibus.
1500 2587 1564 2612 eo-

131 2656 215 2678 rum
243 2656 335 2679 esse.
393 2636 530 2679 Turio.
561 2637 668 2678 Flor.
700 2637 840 2693 Camp.
869 2655 949 2678 esse
981 2654 1121 2677 eorum.
1236 2647 1372 2676 contra
1398 2648 1562 2691 partem.

128 2704 219 2747 I’ar.
243 2712 281 2747 1.
311 2708 420 2747 eirca
445 2722 483 2760 p.
596 2703 830 2760 Regaturne.
887 2705 1022 2749 Turio.
1055 2721 1077 2744 a
1099 2721 1155 2758 pr.
1177 2719 1233 2745 m.
1265 2715 1479 2758 regatur-ve.

1017 2771 1111 2826 02
