1775 3091
199 265 217 298 1
226 262 279 299 28
625 257 731 311 Supp
737 256 894 295 lementa
938 272 986 294 an
991 257 1199 296 notationis

194 368 359 424 aliquid.
406 368 467 409 Ita
498 372 618 409 etiam
648 367 786 420 Camp.
811 366 932 408 Amb.
959 373 994 408 1.
1015 374 1054 408 2.
1086 366 1207 407 Paris.
1232 372 1269 407 1.
1290 372 1328 408 3.
1350 367 1388 406 4.
1458 367 1622 422 aliquod

193 436 300 477 Flor.
359 436 468 477 aliud
495 436 616 477 Paris.
639 441 678 474 2.
688 465 701 485 ,
749 444 789 474 et
824 438 880 476 ita
917 439 996 487 jam
1026 434 1137 475 Sich.
1170 433 1300 475 Colin.
1415 446 1451 474 et
1478 435 1623 476 similiu

195 509 322 546 omitt.
352 504 473 545 Goth.
493 504 609 542 Voss.
633 508 671 542 2.
704 517 798 540 cum
824 502 931 543 Jens.
958 512 998 542 et
1017 511 1116 556 post.
1138 511 1229 542 ante
1248 500 1360 542 Sich.
1373 531 1386 552 ,
1415 518 1501 544 exc.
1524 501 1620 544 Ald.

304 577 341 626 §.
363 578 427 613 17.
476 569 523 608 V
520 569 629 623 algii.
681 567 729 607 V
725 568 808 623 algi
828 573 946 610 etlam
968 571 1104 611 Turio.
1191 572 1271 609 suis
1288 579 1395 624 part.
1441 573 1502 610 sui
1515 582 1621 625 part.

191 638 324 681 Guelf.

303 708 339 759 §.
373 710 436 746 18.
485 703 745 757 intelligimus,
792 702 1053 757 intelligamus
1076 707 1195 744 etiam
1213 703 1337 745 Paris.
1362 711 1398 745 1.
1422 709 1461 746 5.
1484 704 1621 747 Turio.

189 774 294 815 Flor.
312 772 433 813 Amb.
460 777 497 812 1.
517 778 555 812 2.
577 771 714 825 Camp.
771 770 922 812 Badjus
941 780 1139 824 receptam
1160 773 1267 812 dedit
1287 789 1308 811 e
1328 773 1437 813 Vall.
1469 772 1622 829 (Paris.

189 841 260 894 2.)
307 840 366 881 Cf.
399 842 519 879 etiam
547 841 669 893 praef.
700 838 797 878 Vol.
817 837 837 877 I
865 853 904 891 p.
925 836 1159 879 LXXXV.
1274 839 1355 879 Sed
1382 844 1520 895 ipsam.
1575 841 1620 881 S.

186 920 223 948 c!
255 912 327 962 ips.
358 906 480 948 Amb.
505 912 543 947 1.
655 905 781 946 Isocr.
812 922 982 946 causam.
1041 906 1096 945 Is.
1125 916 1250 945 autem
1283 924 1388 947 caus.
1419 908 1543 948 Amb.
1565 915 1622 961 1.,

180 979 258 1030 -qui
286 984 486 1029 praeterea
521 990 544 1013 a
579 989 639 1027 pr.
677 989 732 1014 m.
771 974 912 1014 habujt
940 973 1136 1014 Socrates.
1251 977 1321 1014 ait.
1381 986 1448 1014 aut
1478 974 1619 1030 Camp.

272 1060 351 1082 rem
390 1053 689 1082 controversam.
748 1044 789 1080 in
832 1044 1133 1081 controversiam
1173 1040 1312 1096 Camp.
1373 1059 1499 1081 rerum
1527 1060 1622 1083 con—

185 1110 416 1151 11·0vcv‘·siam
442 1108 568 1149 Amb.
595 1114 632 1149 1.
662 1108 767 1148 Flor.
800 1124 822 1147 a
853 1124 929 1148 sec.
960 1106 1015 1147 in.
1048 1109 1096 1162 (a
1126 1123 1184 1161 pr.
1215 1125 1270 1148 m.
1303 1118 1387 1150 erat
1416 1127 1456 1148 re
1488 1109 1621 1165 cont.)

183 1180 307 1220 Paris.
332 1183 369 1218 1.
399 1176 508 1217 Jens.
540 1185 579 1216 et
604 1186 767 1229 posterr.
800 1184 891 1215 aute
912 1175 1040 1216 Stoer.
1101 1180 1402 1216 controversiam
1422 1187 1480 1218 est
1498 1181 1620 1218 etiam

184 1250 229 1286 in
258 1246 394 1287 Turio.
425 1243 551 1285 Amb.
577 1250 617 1286 2.
648 1243 768 1285 Bern.
785 1276 797 1296 ,
839 1258 1011 1298 quorum
1040 1253 1258 1297 postremus
1288 1259 1367 1285 om.
1400 1260 1492 1286 rem.

749 1365 780 1408 C
810 1382 838 1408 A
868 1384 905 1408 ι’.
963 1364 1049 1408 VI.

293 1446 500 1500 Inscriptio
539 1445 639 1486 haec
677 1449 721 1485 in
759 1445 894 1485 Turic.
925 1443 1050 1484 Amb.
1074 1451 1110 1485 1.
1130 1452 1169 1486 2.
1200 1443 1321 1486 Bern.
1354 1443 1476 1486 Goth.
1507 1444 1615 1486 Jens.

183 1527 224 1558 et
250 1525 411 1570 posterr.
445 1524 534 1554 ante
565 1513 790 1553 Stoerium:
835 1512 939 1563 Quid
965 1515 1017 1551 sit
1042 1523 1189 1563 siatus,·
1233 1515 1278 1551 iu
1307 1511 1441 1553 Guelf.
1475 1513 1555 1565 Qui
1581 1530 1614 1554 s.

181 1596 259 1635 si.,·
296 1587 339 1622 in
368 1583 473 1623 Flor.
508 1582 602 1634 Quis
635 1591 756 1631 siat.,·
794 1583 838 1619 iu
867 1581 956 1619 edd.
987 1595 1087 1619 rece.
1123 1580 1227 1631 Quid
1255 1583 1309 1618 sit
1339 1591 1487 1620 status:
1516 1580 1617 1619 unck

179 1652 371 1692 ducatur.-
417 1666 502 1688 reus
541 1666 591 1688 an
618 1659 731 1688 actor
763 1664 845 1686 eum
860 1647 1025 1703 faciat:
1076 1658 1168 1702 quot
1198 1658 1234 1686 et
1260 1650 1328 1702 qui
1356 1650 1445 1686 sint.
1502 1647 1614 1688 Haec

179 1735 203 1760 a
232 1719 346 1759 codd.
376 1720 455 1757 suis
492 1717 588 1755 locis
616 1718 856 1754 inseruntur.

291 1790 327 1839 §.
360 1790 398 1825 1.
457 1782 679 1836 aggredior.
727 1780 788 1821 Ita
818 1785 937 1821 etiam
955 1779 1078 1822 Paris.
1101 1787 1137 1822 1.
1195 1782 1406 1835 aggrediar
1424 1780 1546 1822 Paris.
1569 1788 1610 1823 2.

180 1860 219 1897 5.
249 1853 389 1906 Camp.
451 1850 611 1904 [Etiam
645 1852 715 1889 lib.
748 1847 801 1899 II,
841 1854 906 1900 10,
943 1855 965 1889 1
1005 1851 1186 1904 quamvis
1222 1852 1494 1901 conjunctivus
1523 1852 1613 1903 pla-

177 1931 288 1973 ceat,
329 1923 522 1960 librorum
550 1926 684 1957 tamen
712 1918 899 1970 suffragia
926 1932 997 1971 pro
1024 1917 1239 1956 indicativo
1269 1915 1399 1968 sunt]
1485 1917 1612 1971 quod-

178 2006 263 2045 que.
324 1987 491 2042 quidque
517 1984 654 2038 Camp.
686 2000 776 2024 cum
803 1983 919 2025 Voss.
945 1991 982 2025 1.
1067 2000 1264 2024 commune
1282 1995 1349 2025 est.
1395 1994 1450 2023 est
1471 2000 1606 2024 comm.

175 2056 312 2097 Turio.
352 2053 458 2094 Flor.
498 2052 624 2093 Amb.
658 2057 695 2092 1.
736 2050 869 2092 Guelf.
913 2052 1079 2105 Camp.;
1134 2053 1230 2092 ordo
1268 2055 1439 2105 vulgaris
1479 2055 1609 2091 estin

176 2123 300 2165 Goth.
330 2131 368 2162 et
398 2122 487 2161 edd.
603 2119 781 2160 ducatur.
836 2117 898 2158 Ita
934 2119 1057 2159 Paris.
1082 2124 1120 2160 1.
1142 2125 1182 2159 2.
1206 2123 1244 2160 5.
1302 2119 1458 2158 dicatur
1486 2121 1607 2157 etiam

172 2191 297 2231 Paris.
321 2195 359 2230 3.
393 2188 532 2241 Camp.
647 2199 739 2242 quot
776 2195 813 2225 et
842 2190 912 2241 qui
939 2189 1028 2226 sint.
1088 2196 1181 2239 quot
1210 2187 1277 2239 qui
1305 2188 1381 2224 sint
1412 2185 1548 2225 Turio.
1583 2201 1608 2225 a

174 2274 235 2312 pr.
264 2273 320 2297 m.
377 2267 469 2311 quot
495 2254 646 2310 quidem
675 2258 752 2294 sint
787 2252 923 2293 Turio.
954 2268 977 2293 a
1003 2269 1078 2293 sec.
1106 2268 1159 2292 m.
1192 2252 1332 2305 Camp.
1365 2250 1469 2307 (nisi
1496 2253 1606 2307 quod

171 2327 218 2363 in
279 2324 356 2363 hoc
412 2321 546 2376 sunt.)
596 2320 804 2377 judiciales
852 2322 1051 2361 materias.
1121 2318 1349 2374 judicialem
1401 2322 1606 2361 materiam

173 2391 316 2445 Camp.
431 2400 630 2430 executus.
691 2399 884 2429 assecutus
914 2388 1053 2442 Camp.

285 2460 321 2510 §a
352 2464 391 2499 2.
448 2468 648 2512 appareat.
708 2466 846 2511 caput,
887 2457 993 2511 quod
1020 2457 1169 2495 multae
1189 2454 1278 2493 edd.
1300 2462 1394 2495 vett.
1417 2453 1601 2494 hocloco

172 2526 373 2574 inserunt,
412 2528 559 2565 omittit
587 2528 666 2576 jam
694 2522 813 2563 Tarv.
927 2522 1105 2576 gencrale
1132 2532 1261 2576 caput.
1318 2520 1497 2574 generale
1519 2535 1598 2560 om.

174 2595 295 2630 etiam
331 2591 437 2633 Flor.
476 2591 602 2633 Aan.
624 2597 661 2633 1.
690 2597 729 2633 2.
773 2589 911 2644 Camp.
942 2590 1064 2631 Paris.
1089 2595 1125 2630 1.
1148 2596 1187 2630 2.
1213 2594 1252 2629 3.
1366 2587 1596 2644 referantur.

175 2658 392 2714 regfizruntur
421 2661 542 2699 etiam
573 2658 712 2714 Camp.
742 2657 864 2699 Paris,
888 2664 927 2699 2.
958 2656 1068 2698 Sich.
1101 2655 1230 2697 Colin.
1289 2653 1599 2706 Conjunctivum

173 2727 344 2766 retinent
370 2724 491 2769 Paria.
515 2731 553 2768 1.
572 2730 610 2770 5.
728 2724 899 2781 Quorum
928 2746 983 2759 -—-·
1009 2726 1082 2766 vis.
1118 2722 1256 2766 Turio.
1286 2738 1310 2764 a
1336 2737 1395 2777 pr.
1423 2735 1479 2762 m.
1515 2735 1594 2761 om.
