1775 3091
278 270 297 305 1
306 270 357 315 92
720 260 996 316 Supplementa
1025 263 1286 302 annotationis

276 379 442 420 deretur.
560 378 630 432 qui
659 392 684 415 a
708 391 748 414 se
775 373 884 414 Flor.
916 372 1055 427 Camp.
1086 373 1198 415 Sich.
1259 377 1348 430 quia
1369 391 1420 416 se.
1502 375 1719 433 fateretur.

271 447 396 487 Amb.
432 451 472 487 2.
517 442 651 486 Guelf.
691 441 810 482 Voss.
846 446 882 481 1.
922 439 1046 482 Bern.
1085 440 1188 482 Bad.
1230 440 1383 484 Cel-vic.
1429 443 1604 500 fatetur.

268 513 526 570 praejudicio.
575 511 685 551 JenS.
715 506 817 549 Loc.
849 508 956 548 Ven.
991 508 1145 551 Cervic.
1177 508 1307 550 Colin.
1333 519 1372 549 et
1393 513 1463 550 alii
1484 527 1546 565 ap.
1575 511 1716 554 Busm.

267 581 612 637 praejudicatione.
742 576 810 616 Cn.
841 576 978 631 Pomp.
1004 572 1159 630 'Camp.
1205 577 1277 618 Gn.
1310 577 1447 633 Pomp.
1551 572 1720 634 'propter

271 650 453 704 aliquam.
485 646 610 686 Amb.
636 649 673 685 1.
734 654 891 700 praeter
923 644 1065 694 aliam,
1101 650 1293 699 posterius
1323 662 1416 686 cum
1453 645 1562 687 Flor.
1592 646 1714 689 Amb.

271 725 294 746 ¹>
372 715 582 769 [Ceterum
609 715 742 751 minus
781 713 1023 752 considerate
1053 713 1309 767 Spaldingius
1349 717 1486 754 statim
1515 716 1562 754 de
1593 718 1718 755 corri-

270 750 309 759 aa·

267 785 397 838 gendo
428 785 516 821 loco
545 780 735 833 'cogitasse
765 781 946 832 videtur,
985 783 1093 835 quod
1122 785 1292 822 nesciret
1330 785 1439 834 eujus
1469 786 1595 836 gratia
1625 798 1718 822 mo-

267 862 356 892 mm
386 849 459 890 Cn.
493 849 731 901 Pompejum
773 849 932 887 diceret.
999 847 1115 888 Certa
1160 851 1325 904 quidem
1365 853 1592 890 testimonia
1632 865 1718 889 nou

267 928 380 969 sunt,
414 918 484 957 sed
512 919 629 956 facile
661 925 719 955 est
750 918 945 968 suspicari
971 912 1094 968 Appii
1123 916 1301 968 Pulchri,
1332 919 1459 956 fratris
1488 919 1533 958 P.
1568 918 1714 969 Clodii,

265 1003 343 1042 quo
362 985 573 1039 Pompejus
605 986 733 1024 amico
764 985 964 1033 utebatur,
993 992 1033 1022 et
1063 986 1203 1038 utique
1224 988 1342 1024 totius
1372 988 1499 1037 gentis
1523 984 1716 1026 Claudiae

266 1064 355 1095 tum
386 1051 720 1107 potentissimam]
831 1050 1023 1104 judicium
1052 1051 1253 1092 militibus,
1287 1051 1423 1092 Turio.
1457 1051 1564 1092 Flor.
1591 1050 1713 1092 Amb.

265 1129 303 1163 1.
359 1119 494 1162 Guelf.
542 1120 658 1161 AJm.
701 1118 840 1172 Camp.
889 1122 1026 1158 inserr.
1068 1123 1210 1170 etiam,
1255 1119 1374 1159 Voss.
1418 1124 1455 1160 1.
1497 1125 1535 1160 3.
1581 1123 1712 1160 omitt.

261 1194 384 1244 prius.
503 1190 711 1228 clauserat.
768 1186 894 1227 Amb.
930 1192 966 1226 1.
1001 1192 1041 1227 2.
1075 1184 1234 1235 Guelf.,
1272 1188 1361 1226 edd.
1395 1203 1418 1227 a
1446 1187 1554 1228 Jens.
1587 1203 1710 1242 usque

263 1260 315 1298 ad
342 1257 450 1298 Ven.
480 1255 582 1296 Bad.
617 1255 770 1296 Cervic.
804 1255 985 1295 cluserat.
1058 1253 1178 1296 Goth.
1221 1255 1413 1304 eluserat,
1472 1270 1556 1294 11011
1586 1255 1714 1294 cluse-

269 1318 344 1376 ναῖ’,
379 1325 489 1379 quod
528 1322 649 1364 Gesn.
684 1324 773 1371 dat,
812 1327 908 1363 item
939 1323 1051 1363 Sich.
1168 1333 1380 1376 tamquam.
1423 1322 1560 1363 Turio.
1601 1321 1710 1362 Flor.

262 1405 390 1432 tamen
420 1408 547 1446 qnam.
647 1393 682 1429 ei
706 1394 914 1432 timeretur.
966 1390 1033 1430 Sic
1062 1388 1183 1430 Amb.
1208 1396 1244 1430 1.
1292 1392 1561 1429 aestimaretur
1589 1392 1712 1428 etialn

260 1460 387 1501 Amb.
421 1466 461 1500 2.
500 1458 591 1498 Par.
627 1466 663 1498 1.
704 1458 816 1498 Sich.
881 1458 1038 1511 [Spald,
1074 1467 1191 1497 notae
1222 1467 1373 1510 exeget.
1414 1473 1508 1497 suae
1538 1458 1706 1508 adjecit:

260 1528 370 1570 Vide
399 1528 447 1565 de
476 1527 538 1565 his
569 1529 864 1580 quaestionibus
888 1525 1122 1565 Manutium
1146 1526 1196 1563 ad
1226 1534 1322 1564 orat.
1355 1541 1395 1577 p.
1426 1524 1514 1564 Mil.
1540 1530 1563 1564 3
1593 1525 1704 1576 init]

376 1596 412 1645 §.
441 1598 508 1634 26.
570 1593 679 1645 Ergo
710 1593 794 1634 hae.
858 1592 992 1633 Guelf.
1023 1592 1133 1633 Sich.
1169 1605 1259 1644 ergo
1282 1592 1513 1645 hujusmodi.
1626 1595 1705 1631 vim

256 1665 448 1721 prooemii
493 1676 681 1700 converso
722 1662 861 1700 ordine
903 1660 1042 1713 Camp.
1170 1659 1404 1700 obtinebant.
1475 1659 1542 1699 Sic
1584 1663 1705 1699 etiam

260 1734 385 1774 Amb.
418 1735 455 1769 1.
489 1738 528 1767 et
555 1728 662 1767 Flor.
695 1742 717 1765 a
746 1744 804 1780 pr.
835 1744 914 1778 m.‚
946 1729 1016 1767 sed
1045 1743 1068 1767 a
1096 1744 1174 1767 sec.
1205 1743 1260 1767 m.
1295 1736 1334 1766 et
1371 1726 1498 1767 Amb.
1529 1733 1568 1768 2.
1601 1728 1705 1766 obii-

259 1801 412 1840 nebunt.
510 1811 638 1834 omnes
662 1794 846 1847 judicem.
879 1795 1015 1835 Turio.
1046 1795 1153 1834 Flor.
1177 1793 1288 1834 Alnn.
1349 1811 1495 1834 omnem
1517 1794 1700 1848 judicem.

212 1907 214 1909 ,
364 1865 535 1920 judicem
569 1873 866 1916 praepararent.
922 1862 989 1902 Sic
1015 1867 1136 1902 etiam
1164 1861 1290 1901 AJub.
1320 1866 1355 1901 1.
1408 1862 1558 1915 judices
1579 1868 1704 1915 'prae-

253 1943 494 1991 paraverunt
525 1929 658 1971 Guelf.
774 1930 854 1968 Sed
878 1947 951 1985 pro
986 1929 1161 1970 Vareno.
1220 1929 1286 1969 Sic
1317 1944 1474 1984 quoque
1501 1928 1627 1970 Amb.
1661 1935 1700 1970 1.

259 2013 297 2042 et
335 2002 442 2041 Flor.
485 2014 507 2037 a
546 2014 605 2051 pr.
637 2013 718 2048 m.‚
761 2012 783 2036 a
823 2013 902 2037 sec.
936 2014 992 2038 m.
1027 1997 1107 2036 Sed
1139 1997 1253 2037 aliter
1281 2013 1355 2051 pro
1397 2013 1471 2051 pro
1504 2013 1590 2048 reo,
1637 2000 1702 2036 cui

257 2071 526 2109 assentiuntur
555 2065 645 2105 Par.
670 2071 707 2105 1.
739 2074 778 2104 et
799 2064 909 2105 Sich.
926 2097 936 2116 ,
967 2069 1046 2104 nisi
1075 2067 1183 2119 quod
1243 2063 1403 2104 Vareno
1430 2068 1611 2104 inserunt
1635 2068 1701 2102 in-

254 2148 316 2178 ter
346 2152 418 2190 pro
451 2144 489 2173 et
520 2149 598 2173 reo.
714 2149 860 2187 quoque
885 2144 1022 2187 postea
1052 2134 1245 2178 exhibent
1283 2135 1403 2171 etiam
1439 2130 1563 2170 Amb.
1593 2136 1630 2171 1.
1656 2136 1697 2171 2.

255 2203 381 2254 Flor„
409 2204 615 2253 vulgatam
643 2204 787 2240 retinet
815 2200 904 2240 I‘ar.
931 2206 967 2240 1.
1068 2204 1251 2239 narravit
1280 2201 1374 2239 dant
1401 2214 1560 2253 quoque
1588 2197 1698 2239 Flor.

254 2271 382 2312 Amb.
412 2275 452 2310 2.
570 2285 657 2307 cum
690 2268 852 2321 objecta.
890 2266 1012 2308 Amb.
1048 2273 1086 2308 1.
1146 2284 1262 2322 quam
1291 2267 1366 2319 obj.
1484 2265 1587 2320 quod
1610 2268 1697 2320 fiet.

254 2337 378 2379 Amb.
408 2344 447 2377 2.
481 2336 585 2390 quod
602 2339 702 2392 flet,
742 2335 849 2375 Flor.
882 2352 919 2389 q.
938 2338 1016 2390 fiet
1034 2338 1125 2391 flet.
1240 2337 1400 2389 quoties.
1431 2331 1553 2373 Amb.
1588 2338 1625 2373 1.
1655 2339 1698 2374 2.

254 2406 393 2446 Turio.
425 2403 534 2444 Jens.
568 2402 667 2443 Loc.
699 2402 807 2443 Ven.
868 2406 1053 2458 quotiens.
1153 2404 1462 2457 quoties--e1-it,
1492 2411 1544 2439 ut.
1571 2399 1696 2441 Amb.

258 2477 295 2512 1.
328 2473 405 2511 hoc
435 2472 594 2511 ordine:
642 2473 816 2526 quotiens
860 2487 897 2510 n.
929 2488 961 2511 r.
994 2482 1022 2511 t.
1055 2473 1126 2510 erit
1158 2473 1301 2510 crimen
1329 2486 1362 2510 s.
1394 2486 1426 2509 e.
1457 2468 1698 2524 transferen-

256 2539 369 2590 dum,
412 2550 464 2578 ui.
504 2538 610 2579 Flor.
643 2539 764 2579 Amb.
791 2544 830 2578 2.
877 2539 1063 2579 exhibet:
1118 2541 1265 2593 quoties
1307 2554 1383 2577 non
1423 2534 1698 2591 repellendum,

256 2605 405 2660 (Amb.
443 2612 481 2646 2.
516 2603 782 2660 repetendum)
825 2616 887 2653 ut,
926 2607 1113 2660 idemque
1142 2606 1259 2646 Voss.
1294 2611 1332 2645 1.
1365 2610 1403 2644 3.
1443 2603 1589 2652 Βθτ11.,
1629 2605 1701 2656 qui
1766 2606 1768 2611 ’

252 2682 387 2712 tamen
424 2677 605 2713 inserunt
644 2684 791 2713 mnium
827 2683 914 2725 post
954 2673 1221 2728 repellendum.
1289 2672 1397 2712 Jens.
1442 2668 1542 2709 Loc.
1582 2669 1691 2710 Ven.
1764 2678 1765 2686 ¹

252 2742 390 2780 inserr.
424 2756 499 2780 non
534 2743 638 2780 inter
673 2743 844 2796 quotiens
884 2751 922 2781 et
961 2745 1120 2781 crimen.
1254 2740 1313 2778 his
1350 2740 1473 2793 prins,
1541 2737 1696 2779 Olnnes
