1775 3091
0 2759 6 2935 k

0 2939 9 3091 f!

329 241 382 281 ml
412 240 575 296 Quintil.
606 240 733 281 Instit.
768 239 822 290 V,
854 245 919 281 10.
962 240 1228 291 §.12—25.
1413 250 1494 286 253

64 369 148 392 sum
183 365 354 409 propter.
422 354 502 395 Sic·
529 358 646 394 etiam
682 355 789 396 Flor.
829 353 955 395 Amb.
986 360 1025 396 2.
1055 353 1143 394 I'ar.
1169 359 1204 394 1.
1229 359 1269 394 2.
1298 359 1360 403 3.,
1402 373 1494 397 cum

65 419 186 461 Amb.
213 427 265 473 1.‚
295 425 372 461 nisi
398 423 505 476 quod
536 422 600 462 hic
618 422 770 479 falsus.
883 439 1083 462 summam.
1141 421 1276 462 Turio.
1305 422 1492 477 formam.

178 504 214 552 §.
246 506 311 540 20.
371 501 412 538 hi
442 516 600 555 quoque.
658 500 725 541 Sic
755 503 875 540 etiam
903 500 1026 541 Amb.
1051 506 1088 542 1.
1112 506 1150 541 2.
1183 501 1292 542 Sich.
1402 503 1497 543 disci

64 565 257 606 videntur.
316 566 436 607 Amb.
463 573 498 606 1.
528 567 661 607 Turic.
694 567 799 608 Flor.
829 570 964 607 inserr.
998 579 1050 608 ut.
1165 568 1282 609 intell.
1311 572 1350 609 in
1373 569 1497 611 lusru-

67 636 181 673 rz'am.
239 633 364 674 Amb.
389 639 425 673 1.
447 640 484 674 2.
514 633 619 674 Flor.
655 650 811 689 quoque
842 638 868 675 i.
890 647 928 674 ut
948 635 1036 675 lum.
1153 635 1284 688 latent,
1315 654 1382 678 coe.
1428 639 1496 680 Sic

66 703 186 739 etiam
216 700 322 740 Flor.
353 699 474 741 Amb.
500 707 539 741 2.
652 702 828 756 petenda.
885 702 1010 743 Amb.
1034 709 1072 743 2.
1106 719 1263 758 quoque
1290 707 1457 760 petendi.

178 779 214 830 ᾗ.
245 784 312 818 21.
372 781 437 818 uhi
465 797 644 834 quaeque.
704 780 837 820 Turio.
869 780 975 821 Flor.
1007 779 1117 822 Alm.
1151 780 1283 824 Gssuel‘f.
1310 782 1434 824 Amb.
1457 793 1496 828 2.

65 844 182 886 Voss.
204 851 242 886 3.
276 847 414 902 Camp.
446 850 596 903 ubique.
656 847 774 888 Bodl.
806 849 949 889 Joann.
976 847 1104 889 Andr.
1137 850 1278 903 ubiqui.
1361 852 1497 895 soleat.

67 913 232 954 Omittit
261 914 399 968 Camp.
505 918 678 955 saxosis.
720 916 864 956 »Amb.
889 922 924 956 1.
951 916 1213 957 Turic.F101-.
1235 916 1346 959 Alm.
1370 925 1498 962 scuris.

64 979 182 1022 'Voss
217 987 253 1022 1.
295 988 333 1023 3.
376 1000 580 1023 sartorum.
703 1000 871 1023 scarum.
939 984 1064 1023 Amb.
1101 989 1136 1024 1.
1177 1002 1323 1027 carum.
1390 987 1499 1029 Flor.

65 1047 192 1090 ‘Amb.
216 1056 254 1090 2.
285 1067 477 1090 scaurum.
590 1068 741 1103 argum.
774 1050 863 1090 uncl.
925 1050 1063 1104 Camp.
1095 1055 1212 1092 inser.
1245 1070 1333 1095 non.
1429 1073 1502 1095 un-

66 1114 192 1170 dique.
251 1117 356 1157 Flor.
388 1118 565 1172 undeque.
681 1118 850 1172 ideoque.
912 1117 1049 1171 Camp.
1082 1119 1178 1159 idco.

204 1227 213 1236 .
244 1202 307 1237 22.
364 1213 496 1248 error,
527 1207 562 1235 et
583 1197 676 1237 esrlz.
731 1195 856 1236 Amb.
884 1201 921 1235 1.
954 1212 1114 1251 quoque
1144 1214 1174 1237 e.
1205 1209 1260 1237 est
1291 1216 1323 1240 e.
1372 1200 1498 1243 Amb.

65 1270 106 1306 2.
137 1280 303 1303 errorem
331 1265 422 1303 est-h.
478 1265 536 1304 At
567 1267 613 1305 si.
645 1264 781 1304 Turio.
823 1279 846 1303 a
874 1279 934 1316 pr.
967 1280 1020 1302 m.
1062 1263 1196 1306 Guelf.
1237 1265 1354 1308 Voss.
1389 1275 1426 1310 1.
1459 1276 1497 1311 3.

66 1343 145 1372 aut.
202 1331 337 1372 Turio.
370 1347 391 1371 a
422 1348 499 1372 sec.
529 1348 583 1372 m.
613 1342 678 1371 aut
706 1335 749 1370 si.
862 1333 1074 1372 scierimus,
1130 1332 1247 1373 Voss.
1272 1340 1307 1375 1.
1330 1341 1369 1376 3.
1400 1341 1501 1377 scie-

65 1417 161 1439 mus.
216 1399 324 1440 Jens.
355 1397 453 1439 Loc.
483 1399 591 1439 Ven.
623 1402 817 1439 sciremus.
912 1398 1100 1453 quodque.
1151 1400 1218 1440 Sic
1245 1404 1363 1441 etiam
1390 1404 1498 1448 Flor.

65 1483 90 1507 a
117 1483 194 1507 sec.
224 1481 279 1507 m.
312 1465 445 1506 Guelf.
485 1465 611 1506 Amb.
643 1472 682 1506 2.
736 1465 842 1505 Flor.
876 1480 898 1504 a
927 1481 987 1518 pr.
1020 1483 1074 1506 m.
1106 1485 1252 1523 quoque
1279 1483 1503 1515 nascantur.

64 1534 131 1576 Ex
158 1532 285 1574 Amb.
310 1538 345 1573 1.
370 1534 475 1572 nihil
502 1543 676 1573 notatur.
792 1535 832 1571 in
860 1549 902 1572 eo
932 1544 1001 1574 est.
1048 1535 1165 1578 Voss.
1197 1552 1305 1577 omn.
1322 1570 1332 1590 ,
1365 1541 1454 1581 edd.
1478 1557 1502 1582 a

64 1601 172 1643 Jens.
192 1603 242 1641 ad
263 1600 373 1641 Sich.
395 1616 522 1652 meae,
555 1617 640 1660 exc.
662 1599 760 1639 Ald.
775 1631 785 1650 ‚
823 1616 914 1639 cum
942 1604 997 1641 eis
1027 1617 1088 1656 ap.
1120 1603 1261 1644 Burm.
1286 1607 1326 1644 in
1347 1623 1389 1647 eo
1412 1612 1500 1650 erit.

177 1685 214 1734 §.
245 1685 314 1722 23.
373 1691 601 1732 argumenta
624 1697 662 1719 α.
722 1678 789 1718 Sic
820 1682 941 1718 etiam
964 1679 1092 1721 Amb.
1116 1687 1151 1723 1.
1181 1682 1286 1723 Flor.
1319 1699 1419 1738 apr.
1441 1703 1497 1728 m,

144 1750 221 1798 sit,
272 1759 311 1787 ut
341 1748 446 1787 dixi.
502 1747 628 1787 Aan.
660 1751 698 1785 1.
729 1755 770 1784 ut
801 1745 838 1784 cl.
870 1762 901 1786 s.
1011 1752 1244 1800 partiamur,
1302 1751 1426 1793 Amb.
1461 1760 1500 1797 1*

63 1818 282 1871 partimur,
315 1830 406 1855 cum
437 1813 573 1854 Turio.
607 1828 628 1852 a
649 1828 707 1865 pr.
730 1827 783 1851 m.
884 1829 956 1853 reS.
1015 1813 1151 1855 Turio.
1174 1831 1196 1855 a
1216 1832 1275 1869 pr.
1294 1835 1349 1860 m.
1381 1824 1502 1862 omit-

65 1887 126 1923 tit.
238 1898 449 1937 personas:
489 1892 544 1921 ut.
605 1879 726 1921 Goth.
758 1878 877 1919 Voss.
908 1885 947 1920 2.
979 1879 1116 1935 Camp.
1146 1886 1284 1924 inserr.
1315 1903 1387 1928 res.

67 1961 195 1992 cetera
224 1967 360 1990 rerum.
417 1948 543 1989 Amb.
573 1953 610 1988 1.
649 1947 784 1987 Turic.
815 1946 922 1988 Flor.
953 1947 1063 1989 Alm.
1096 1961 1321 1994 ceterarum,
1434 1958 1503 1997 scd

65 2019 176 2058 uncle.
234 2017 371 2057 Turic.
403 2015 600 2055 secundae.
656 2014 770 2055 Ahn.
797 2014 923 2054 seclae.

179 2100 214 2150 §.
246 2097 313 2137 24.
370 2111 489 2150 porro
522 2104 622 2133 sunt.
682 2092 822 2146 Camp.
860 2110 900 2147 p.
922 2093 1050 2149 facit.
1162 2099 1242 2137 suis
1276 2100 1373 2154 pler.
1431 2104 1500 2147 Sic

66 2169 188 2206 etiam
216 2162 336 2204 Amb.
361 2168 397 2202 1.
427 2162 516 2202 Par.
541 2166 577 2202 1.
598 2166 638 2201 2.
663 2165 701 2200 3.
761 2159 899 2213 Camp.
928 2164 1044 2201 inser.
1077 2166 1197 2204 etiam
1219 2167 1316 2220 filii.
1404 2189 1501 2213 non-

67 2249 257 2286 nunquam
287 2231 340 2270 ad
369 2231 521 2270 honeste
549 2231 794 2283 turpiterque.
851 2228 973 2270 Amb.
996 2235 1032 2270 1.
1065 2247 1256 2286 nunquam
1277 2237 1326 2275 ab
1344 2238 1500 2281 honesto

66 2301 230 2353 turpiter
270 2297 319 2352 (b
349 2307 386 2337 et
415 2314 438 2337 o
475 2306 568 2336 sunt
603 2297 801 2336 secundae
829 2296 1009 2350 manus).
1069 2298 1206 2353 Camp.
1236 2319 1426 2358 nunqnam
1451 2310 1500 2348 ab

67 2368 223 2406 honesto
252 2365 445 2404 inhoneste
473 2366 721 2418 turpiterque.
837 2375 935 2404 sunt.
992 2363 1110 2405 Aan.
1139 2372 1174 2408 1.
1203 2368 1309 2410 Flor.
1341 2388 1500 2429 quoque

59 2438 201 2493 fluunt.
315 2432 464 2482 Nati05
513 2448 614 2471 nam.
671 2428 793 2471 Amb.
826 2436 863 2471 1.
905 2431 1040 2473 Turio.
1085 2433 1192 2475 Flor.
1237 2439 1442 2481 nationum.

67 2501 205 2553 Camp.
237 2499 464 2538 nationibus.
578 2497 679 2537 idem
708 2500 758 2538 in.
814 2496 932 2540 Amb.
962 2505 997 2540 1.
1034 2499 1139 2541 Flor.
1171 2518 1329 2559 quoque
1359 2511 1497 2552 inserr,

64 2572 133 2625 qui
160 2578 258 2607 sunt.

85 2692 89 2697 .
178 2650 214 2699 §.
245 2649 312 2686 25.
372 2644 643 2700 dtfferentiam.
712 2642 832 2685 Amb.
866 2650 904 2685 1.
956 2644 1091 2687 Turio.
1133 2664 1155 2687 a
1192 2665 1251 2703 pr.
1291 2668 1345 2694 m.
1385 2654 1495 2699 Alm.

69 2712 203 2755 Guelf.
235 2711 357 2753 Amb.
387 2718 427 2754 2.
470 2711 702 2769 dffrentia.
818 2728 879 2767 op.
917 2713 1067 2755 habent.
1123 2715 1258 2758 Etiam
1296 2720 1402 2764 Flor.
1436 2741 1495 2780 op.
