1775 3091
191 233 271 271 286
631 228 901 284 Supplemcnia
930 232 1194 271 annotationis

190 341 403 395 πολεμίζοι.
459 342 519 383 Ea
545 357 660 383 causa
691 345 819 382 inesse
848 343 1004 383 videtur
1020 345 1063 382 in
1083 346 1211 383 verbis
1231 344 1370 383 animis
1396 344 1617 397 crescant]

269 421 386 464 prout
406 421 480 450 rat.
526 410 630 449 Flor.
660 424 683 449 a
706 423 765 463 pr.
786 425 842 450 m.
875 413 994 451 etiam
1023 421 1065 450 ut
1085 427 1158 466 pro
1182 422 1257 452 rat.
1315 411 1431 451 Voss.
1456 416 1494 451 1.
1523 428 1621 466 quae

190 489 233 517 ut
260 488 336 518 rat.

298 549 335 599 §.
369 548 435 585 15.
494 553 702 584 contentus.
753 543 891 600 Camp.
914 548 1204 602 consequentiiS.
1286 561 1453 603 possem.
1494 543 1622 586 Amb.

190 620 227 655 1.
244 615 402 669 possim.
451 608 574 651 Goth.
597 611 735 665 Camp.
753 630 925 668 possum.

300 682 336 731 §.
370 682 436 718 16.
494 677 601 718 Nam
621 690 655 718 et
673 679 771 735 fere.
812 679 934 721 Goth.
955 680 1062 722 Jens.
1082 689 1121 720 et
1139 681 1228 721 edd.
1251 689 1342 720 ante
1364 679 1465 721 Bad.
1490 682 1617 720 omitt.

187 760 236 788 et.
356 748 397 784 in
428 746 629 786 invidiam.
684 746 808 788 Amb.
848 753 885 788 1.
917 763 1033 788 asec.
1051 764 1106 787 m.
1138 754 1176 789 2.
1207 751 1328 786 etiam
1356 750 1396 786 in
1422 749 1619 800 injuriam.

188 817 312 856 Amb.
338 819 375 854 1.
399 830 421 853 a
446 829 505 869 pr.
534 829 589 853 m.
605 813 711 854 Flor.
738 814 829 855 Par.
851 821 891 855 2.
915 820 954 856 3.
977 818 1175 869 injuriam.
1223 814 1313 854 Par.
1335 818 1374 853 3.
1405 829 1427 852 a
1457 829 1534 853 sec.
1564 829 1619 852 m.

188 888 230 923 in
250 881 449 922 invidiam.
543 884 583 920 in
599 892 680 936 pot.
703 899 780 921 am.
821 881 887 922 Sic
911 885 1031 921 etiam
1053 882 1139 922 Par.
1164 887 1203 921 1.
1229 885 1290 929 3.,
1331 879 1457 920 Amb.
1476 886 1516 920 2.
1537 895 1617 920 om.

185 955 243 991 in.
301 949 408 990 Flor.
438 963 461 987 a
489 963 549 1002 pr.
576 964 632 989 m.
663 948 788 989 Amb.
813 954 852 990 1.
880 949 970 989 Par.
993 955 1033 990 2.
1057 948 1151 1004 quid
1171 966 1244 1003 pro
1266 957 1358 986 teste
1378 964 1456 987 am.
1513 946 1620 987 Flor.

187 1035 210 1059 a
230 1035 308 1059 sec.
333 1033 389 1057 m.
411 1016 504 1072 quid
521 1033 593 1071 pro
613 1027 766 1071 potente
784 1033 861 1057 am.
945 1027 1038 1056 tam.
1075 1016 1213 1056 Turio.
1235 1026 1376 1054 tamen.
1456 1014 1623 1054 hercule.

188 1086 322 1128 Guelf.
345 1084 485 1124 hercle.
602 1086 963 1124 controversiarum.
1010 1083 1134 1124 Ajnb·
1155 1090 1195 1125 2.
1223 1084 1539 1124 controversiam.

174 1155 262 1214 fut.
283 1157 374 1193 sint.
422 1151 489 1193 Sic
512 1154 632 1192 etiam
652 1150 779 1193 Amb.
804 1158 843 1192 2.
876 1150 968 1192 Par.
993 1156 1031 1192 1.
1054 1153 1094 1191 4.

298 1223 336 1273 ξ.
372 1225 436 1261 17.
495 1236 645 1273 argum.
668 1219 783 1259 velut.
825 1219 936 1260 Jens.
957 1218 1056 1259 Ald.
1079 1234 1118 1258 υ.
1141 1233 1230 1271 arg.
1316 1233 1458 1258 omnes.
1493 1215 1619 1257 Aan.

184 1297 224 1332 2.
257 1291 394 1329 omnis.
516 1286 762 1343 praepilatis,
822 1286 949 1327 Amb.
983 1291 1020 1326 1.
1061 1284 1157 1341 (sed
1190 1301 1212 1325 a
1241 1300 1320 1325 sec.
1351 1299 1477 1323 manu
1508 1286 1622 1336 siguo

184 1358 322 1397 mendi
347 1355 624 1408 superaddito)
659 1370 750 1393 cum
786 1353 920 1395 Turic-
956 1369 977 1394 a
997 1371 1057 1408 pr.
1076 1370 1129 1394 m.
1156 1351 1441 1407 praecipilaiis.
1486 1350 1622 1392 Turio.

185 1440 209 1463 a
236 1440 314 1463 sec.
344 1439 399 1462 ln.
429 1424 636 1476 praecipue
658 1421 763 1461 latis.
857 1416 1049 1462 exerceri.
1100 1420 1238 1473 Camp.
1261 1435 1456 1459 exercere.
1550 1433 1624 1458 vo-

185 1491 384 1546 luptatem.
431 1488 540 1528 Jens.
563 1488 679 1528 Tarv.
698 1487 946 1528 voluntatem.
1047 1490 1186 1527 nervis.
1238 1486 1376 1538 Camp.
1396 1488 1538 1524 verius.

185 1559 406 1598 dicentium.
450 1555 576 1596 Aan.
603 1561 640 1595 1.
661 1554 797 1594 Turio.
818 1554 924 1595 Flor.
947 1553 1083 1608 Camp.
1107 1552 1321 1593 (licendum.
1404 1568 1622 1607 puerorum.

181 1627 289 1667 Flor.
308 1641 482 1679 puerum.
531 1622 653 1662 Turio
671 1639 812 1676 puero,
843 1631 882 1661 et
901 1631 989 1675 post
1011 1637 1033 1660 a
1051 1638 1110 1674 pr.
1132 1637 1187 1660 m.
1209 1623 1368 1668 exciso,
1402 1635 1495 1660 cum
1513 1618 1620 1658 Flor.

295 1696 330 1742 §.
365 1696 430 1731 18.
484 1706 556 1743 pro
587 1692 660 1728 ria.
719 1687 846 1728 Amb.
874 1694 909 1728 1.
938 1695 977 1729 2.
1020 1688 1126 1728 Flor.
1157 1688 1246 1728 Par.
1272 1693 1310 1726 1.
1340 1693 1381 1727 2.
1411 1692 1449 1727 3.
1481 1685 1620 1739 Camp.

180 1763 353 1818 proprie.
441 1757 538 1797 alia.
585 1756 720 1797 Turio.
742 1755 850 1795 Flor.
871 1755 1020 1809 aliqua.
1117 1758 1253 1810 ipsum.
1301 1753 1428 1794 Amb.
1452 1758 1486 1793 1.
1504 1756 1624 1792 omit-

182 1835 245 1871 tit.
363 1826 566 1866 orationis.
623 1822 758 1864 Guelf.
790 1826 950 1863 omittit.
1061 1833 1144 1861 cute
1178 1825 1382 1877 operimus.
1437 1820 1562 1860 Aan.
1586 1825 1622 1860 1.

184 1901 305 1937 etiam
325 1897 387 1935 cui
409 1894 652 1947 coeperimus,
684 1906 775 1931 cum
795 1894 906 1943 signo
927 1891 1078 1930 mendi.
1164 1893 1242 1929 sint
1264 1905 1326 1930 ac.
1371 1887 1500 1929 Amb.
1524 1893 1561 1927 1.
1583 1892 1622 1928 2.

184 1966 291 2006 Flor.
315 1973 402 2002 sunt
422 1978 483 2000 ac.
533 1958 668 2000 Guelf.
693 1969 778 1998 sunt
798 1969 846 1997 et.

269 2033 304 2084 §.
338 2036 400 2070 ⁴29.
460 2030 546 2067 crit.
594 2026 720 2067 Amb.
746 2031 781 2065 1.
804 2028 964 2065 omittit.
1072 2041 1141 2065 nec
1162 2034 1255 2064 iam.
1313 2021 1446 2064 Guelf.
1472 2038 1540 2063 nec
1558 2032 1623 2061 ia-

183 2117 281 2141 men.
331 2098 469 2149 Camp.
489 2096 608 2136 Tarv.
628 2094 726 2134 Ald.
753 2110 871 2147 neque
891 2103 1032 2133 tamen.
1127 2092 1332 2131 videbitur.
1381 2090 1518 2143 Camp.
1542 2090 1620 2128 hoc

184 2170 298 2222 ponit
327 2174 414 2220 post
445 2180 526 2203 suo.
639 2165 750 2202 inter.
803 2159 936 2200 Guelf.
958 2159 1082 2200 Amb.
1104 2166 1142 2200 2.
1166 2163 1368 2199 omittunt.
1470 2159 1621 2211 specio-

185 2253 283 2276 sum.
330 2233 455 2273 Amb.
482 2237 518 2271 1.
537 2230 646 2270 Flor.
666 2232 785 2268 etiam
804 2230 1138 2282 speciosissimum.
1240 2226 1399 2282 putabo.
1454 2224 1621 2265 Omittit

183 2304 311 2344 Amb.
343 2306 382 2341 1.
470 2299 704 2338 Libidinem.
753 2294 855 2336 Bad.
882 2311 903 2334 6
930 2297 1032 2346 conj.
1062 2293 1184 2348 Reg.‚
1224 2303 1263 2333 et
1289 2293 1398 2333 Ven.
1421 2307 1482 2346 ap.
1507 2290 1618 2332 Gibs.

184 2372 295 2422 licet,
334 2384 434 2424 quae
453 2376 540 2421 post
555 2369 666 2419 juvat
687 2379 756 2418 pro
776 2365 894 2417 juvet.
1007 2363 1232 2417 fffcminaii.
1283 2360 1390 2401 Jens.
1415 2360 1619 2416 effimina-

183 2450 277 2478 ium.
383 2438 588 2487 continget.
633 2431 759 2473 Amb.
785 2435 821 2470 1.
844 2429 952 2470 Flor.
976 2434 1095 2469 etiam
1114 2431 1362 2481 contingeret.
1470 2429 1506 2466 si
1525 2442 1616 2481 qua.

184 2506 312 2546 Amb.
345 2508 382 2544 1.
414 2519 437 2543 a
457 2519 532 2542 sec.
553 2517 608 2541 m.
639 2502 803 2553 siquae.
854 2495 988 2538 Guels.
1020 2500 1167 2536 omittit
1197 2513 1286 2550 qua.

295 2573 333 2623 §.
363 2577 432 2612 20.
491 2569 634 2609 dicam.
682 2566 789 2607 Jens.
820 2574 858 2604 et
883 2565 974 2604 edd.
998 2574 1088 2604 aute
1108 2563 1209 2604 Bad.
1235 2563 1424 2603 dicamus.
1508 2576 1615 2599 resu-

181 2642 290 2693 pina.
359 2638 426 2678 Sic
452 2640 572 2677 etiam
593 2635 744 2677 Cervic.
765 2631 895 2673 Colin.
926 2641 1015 2672 ante
1045 2630 1198 2684 Gryph.
1252 2630 1312 2670 At
1340 2629 1466 2669 Amb.
1498 2632 1535 2667 1.
1569 2633 1612 2667 2.

184 2707 289 2747 Flor.
311 2706 399 2747 Par.
423 2710 457 2745 1.
478 2707 705 2760 resupinam.
799 2698 1009 2739 auditoria.
1056 2698 1192 2739 Turic.
1215 2698 1424 2751 adjutoria.
1516 2710 1612 2748 pro-
