<?xml version="1.0" encoding="UTF-8"?>
<!DOCTYPE html PUBLIC "-//W3C//DTD XHTML 1.0 Transitional//EN"
    "http://www.w3.org/TR/xhtml1/DTD/xhtml1-transitional.dtd">
<html xmlns="http://www.w3.org/1999/xhtml" xml:lang="en" lang="en">
 <head>
  <title>
</title>
<meta http-equiv="Content-Type" content="text/html;charset=utf-8" />
  <meta name='ocr-system' content='tesseract 3.04.00' />
  <meta name='ocr-capabilities' content='ocr_page ocr_carea ocr_par ocr_line ocrx_word'/>
</head>
<body>
  <div class='ocr_page' id='page_1' title='image "./lexiconquintilia05bonnuoft_0450.png"; bbox 0 0 1775 3091; ppageno 0'>
   <div class='ocr_carea' id='block_1_1' title="bbox 199 158 1204 231">
    <p class='ocr_par' dir='ltr' id='par_1_1' title="bbox 199 158 1204 231">
     <span class='ocr_line' id='line_1_1' title="bbox 199 158 1204 231; baseline -0.005 -12"><span class='ocrx_word' id='word_1_1' title='bbox 199 180 275 220; x_wconf 74' lang='lat'><strong>394</strong></span> <span class='ocrx_word' id='word_1_2' title='bbox 624 173 899 231; x_wconf 74' lang='lat' dir='ltr'><strong><em>Supplemenia</em></strong></span> <span class='ocrx_word' id='word_1_3' title='bbox 942 158 1204 215; x_wconf 47' lang='lat' dir='ltr'><strong>annotationis</strong></span> 
     </span>
    </p>
   </div>
   <div class='ocr_carea' id='block_1_2' title="bbox 175 285 1639 2715">
    <p class='ocr_par' dir='ltr' id='par_1_2' title="bbox 306 285 1497 344">
     <span class='ocr_line' id='line_1_2' title="bbox 306 285 1497 344; baseline -0.003 -14"><span class='ocrx_word' id='word_1_4' title='bbox 306 293 345 344; x_wconf 86' lang='lat'><strong>§.</strong></span> <span class='ocrx_word' id='word_1_5' title='bbox 378 293 446 333; x_wconf 84' lang='lat'><strong>54.</strong></span> <span class='ocrx_word' id='word_1_6' title='bbox 505 307 581 330; x_wconf 85' lang='lat' dir='ltr'><strong>non</strong></span> <span class='ocrx_word' id='word_1_7' title='bbox 598 289 740 328; x_wconf 77' lang='lat' dir='ltr'><strong>dicam.</strong></span> <span class='ocrx_word' id='word_1_8' title='bbox 772 285 840 327; x_wconf 81' lang='lat' dir='ltr'><strong>Sic</strong></span> <span class='ocrx_word' id='word_1_9' title='bbox 859 285 950 326; x_wconf 87' lang='lat' dir='ltr'><strong>Par.</strong></span> <span class='ocrx_word' id='word_1_10' title='bbox 976 291 1012 326; x_wconf 89' lang='lat'><strong>1.</strong></span> <span class='ocrx_word' id='word_1_11' title='bbox 1037 291 1076 328; x_wconf 86' lang='lat'><strong>6.</strong></span> <span class='ocrx_word' id='word_1_12' title='bbox 1134 304 1179 326; x_wconf 84' lang='lat' dir='ltr'><strong>ne</strong></span> <span class='ocrx_word' id='word_1_13' title='bbox 1197 287 1326 328; x_wconf 73' lang='lat' dir='ltr'><strong><em>dicam</em></strong></span> <span class='ocrx_word' id='word_1_14' title='bbox 1344 286 1435 327; x_wconf 81' lang='lat' dir='ltr'><strong>Par.</strong></span> <span class='ocrx_word' id='word_1_15' title='bbox 1458 294 1497 329; x_wconf 90' lang='grc'><strong>2.</strong></span> 
     </span>
    </p>

    <p class='ocr_par' dir='ltr' id='par_1_3' title="bbox 191 354 1637 470">
     <span class='ocr_line' id='line_1_3' title="bbox 307 354 1637 413; baseline -0.002 -14"><span class='ocrx_word' id='word_1_16' title='bbox 307 365 342 413; x_wconf 82' lang='lat'><strong>§.</strong></span> <span class='ocrx_word' id='word_1_17' title='bbox 374 364 440 401; x_wconf 88' lang='lat'><strong>55.</strong></span> <span class='ocrx_word' id='word_1_18' title='bbox 504 358 712 398; x_wconf 81' lang='lat' dir='ltr'><strong><em>Cominius.</em></strong></span> <span class='ocrx_word' id='word_1_19' title='bbox 744 354 811 395; x_wconf 82' lang='lat' dir='ltr'><strong>Sic</strong></span> <span class='ocrx_word' id='word_1_20' title='bbox 830 354 967 395; x_wconf 86' lang='lat' dir='ltr'><strong>Par.6.</strong></span> <span class='ocrx_word' id='word_1_21' title='bbox 1014 354 1234 395; x_wconf 84' lang='lat' dir='ltr'><strong><em>Communis</em></strong></span> <span class='ocrx_word' id='word_1_22' title='bbox 1250 354 1445 396; x_wconf 21' lang='lat' dir='ltr'><strong>Par..1.2.</strong></span> <span class='ocrx_word' id='word_1_23' title='bbox 1502 354 1637 410; x_wconf 63' lang='lat' dir='ltr'><strong>quue.</strong></span> 
     </span>
     <span class='ocr_line' id='line_1_4' title="bbox 191 428 506 470; baseline -0.013 0"><span class='ocrx_word' id='word_1_24' title='bbox 191 428 259 470; x_wconf 77' lang='lat' dir='ltr'><strong>Sic</strong></span> <span class='ocrx_word' id='word_1_25' title='bbox 286 428 378 469; x_wconf 83' lang='lat' dir='ltr'><strong>Par.</strong></span> <span class='ocrx_word' id='word_1_26' title='bbox 405 433 443 467; x_wconf 92' lang='lat'><strong>1.</strong></span> <span class='ocrx_word' id='word_1_27' title='bbox 467 433 506 467; x_wconf 82' lang='lat'><strong>2.</strong></span> 
     </span>
    </p>

    <p class='ocr_par' dir='ltr' id='par_1_4' title="bbox 255 488 962 548">
     <span class='ocr_line' id='line_1_5' title="bbox 255 488 962 548; baseline -0.001 -17"><span class='ocrx_word' id='word_1_28' title='bbox 255 528 258 531; x_wconf 90' lang='lat'><strong>.</strong></span> <span class='ocrx_word' id='word_1_29' title='bbox 305 499 342 548; x_wconf 85' lang='lat'><strong>§.</strong></span> <span class='ocrx_word' id='word_1_30' title='bbox 377 499 443 537; x_wconf 81' lang='grc'><strong>56.</strong></span> <span class='ocrx_word' id='word_1_31' title='bbox 506 491 549 532; x_wconf 87' lang='lat' dir='ltr'><strong>C.</strong></span> <span class='ocrx_word' id='word_1_32' title='bbox 577 489 683 531; x_wconf 84' lang='lat' dir='ltr'><strong>Var.</strong></span> <span class='ocrx_word' id='word_1_33' title='bbox 713 489 782 532; x_wconf 88' lang='lat' dir='ltr'><strong>Sic</strong></span> <span class='ocrx_word' id='word_1_34' title='bbox 805 488 896 531; x_wconf 76' lang='lat' dir='ltr'><strong>Par.</strong></span> <span class='ocrx_word' id='word_1_35' title='bbox 922 495 962 531; x_wconf 88' lang='lat'><strong>1.</strong></span> 
     </span>
    </p>

    <p class='ocr_par' dir='ltr' id='par_1_5' title="bbox 182 559 1639 892">
     <span class='ocr_line' id='line_1_6' title="bbox 302 559 1636 618; baseline -0.005 -15"><span class='ocrx_word' id='word_1_36' title='bbox 302 567 338 618; x_wconf 60' lang='grc' dir='ltr'><strong>ξ.</strong></span> <span class='ocrx_word' id='word_1_37' title='bbox 371 568 436 605; x_wconf 90' lang='lat'><strong>57.</strong></span> <span class='ocrx_word' id='word_1_38' title='bbox 499 559 785 614; x_wconf 83' lang='lat' dir='ltr'>[Spaldingius</span> <span class='ocrx_word' id='word_1_39' title='bbox 817 568 906 598; x_wconf 84' lang='lat' dir='ltr'><strong>tum</strong></span> <span class='ocrx_word' id='word_1_40' title='bbox 933 560 1098 614; x_wconf 86' lang='lat' dir='ltr'>quidem</span> <span class='ocrx_word' id='word_1_41' title='bbox 1115 561 1268 599; x_wconf 83' lang='lat' dir='ltr'>nescire</span> <span class='ocrx_word' id='word_1_42' title='bbox 1288 575 1328 600; x_wconf 87' lang='lat' dir='ltr'><strong>se</strong></span> <span class='ocrx_word' id='word_1_43' title='bbox 1347 561 1547 600; x_wconf 84' lang='lat' dir='ltr'><strong>confessus</strong></span> <span class='ocrx_word' id='word_1_44' title='bbox 1568 566 1636 605; x_wconf 75' lang='lat' dir='ltr'><strong>est,</strong></span> 
     </span>
     <span class='ocr_line' id='line_1_7' title="bbox 188 626 1639 682; baseline -0.007 -7"><span class='ocrx_word' id='word_1_45' title='bbox 188 635 296 674; x_wconf 87' lang='lat' dir='ltr'><strong>unde</strong></span> <span class='ocrx_word' id='word_1_46' title='bbox 326 640 424 671; x_wconf 81' lang='lat' dir='ltr'><strong>esset</strong></span> <span class='ocrx_word' id='word_1_47' title='bbox 451 631 520 668; x_wconf 84' lang='lat' dir='ltr'>ille</span> <span class='ocrx_word' id='word_1_48' title='bbox 548 632 658 668; x_wconf 84' lang='lat' dir='ltr'>locus</span> <span class='ocrx_word' id='word_1_49' title='bbox 690 627 821 666; x_wconf 76' lang='lat' dir='ltr'><strong><em>Nimis</em></strong></span> <span class='ocrx_word' id='word_1_50' title='bbox 853 644 970 680; x_wconf 80' lang='lat' dir='ltr'><strong><em>urgeo</em></strong></span> <span class='ocrx_word' id='word_1_51' title='bbox 1001 637 1077 668; x_wconf 76' lang='lat' dir='ltr'><strong>cet.</strong></span> <span class='ocrx_word' id='word_1_52' title='bbox 1108 629 1355 682; x_wconf 80' lang='lat' dir='ltr'><strong>desumptus.</strong></span> <span class='ocrx_word' id='word_1_53' title='bbox 1415 626 1475 667; x_wconf 89' lang='lat' dir='ltr'><strong>At</strong></span> <span class='ocrx_word' id='word_1_54' title='bbox 1501 636 1558 666; x_wconf 78' lang='lat' dir='ltr'><strong>est</strong></span> <span class='ocrx_word' id='word_1_55' title='bbox 1587 641 1639 665; x_wconf 82' lang='lat' dir='ltr'><strong>ex</strong></span> 
     </span>
     <span class='ocr_line' id='line_1_8' title="bbox 187 694 1637 752; baseline -0.007 -10"><span class='ocrx_word' id='word_1_56' title='bbox 187 705 364 743; x_wconf 77' lang='lat' dir='ltr'>oratione</span> <span class='ocrx_word' id='word_1_57' title='bbox 404 713 474 752; x_wconf 88' lang='lat' dir='ltr'><strong>pro</strong></span> <span class='ocrx_word' id='word_1_58' title='bbox 506 694 669 749; x_wconf 79' lang='lat' dir='ltr'>Ligario</span> <span class='ocrx_word' id='word_1_59' title='bbox 696 698 812 735; x_wconf 76' lang='lat' dir='ltr'>toties</span> <span class='ocrx_word' id='word_1_60' title='bbox 841 696 1004 734; x_wconf 82' lang='lat' dir='ltr'><strong>laudata</strong></span> <span class='ocrx_word' id='word_1_61' title='bbox 1040 711 1128 749; x_wconf 84' lang='lat' dir='ltr'><strong>cap.</strong></span> <span class='ocrx_word' id='word_1_62' title='bbox 1163 701 1186 736; x_wconf 85' lang='lat'><strong>3</strong></span> <span class='ocrx_word' id='word_1_63' title='bbox 1224 705 1325 737; x_wconf 78' lang='lat' dir='ltr'><strong>extr.</strong></span> <span class='ocrx_word' id='word_1_64' title='bbox 1384 694 1526 750; x_wconf 79' lang='lat' dir='ltr'><strong>Neque</strong></span> <span class='ocrx_word' id='word_1_65' title='bbox 1552 709 1637 733; x_wconf 86' lang='lat' dir='ltr'><strong>nou</strong></span> 
     </span>
     <span class='ocr_line' id='line_1_9' title="bbox 187 761 1635 820; baseline -0.007 -10"><span class='ocrx_word' id='word_1_66' title='bbox 187 774 359 810; x_wconf 74' lang='lat' dir='ltr'><strong>alterum</strong></span> <span class='ocrx_word' id='word_1_67' title='bbox 400 765 508 820; x_wconf 70' lang='lat' dir='ltr'><strong>Quid</strong></span> <span class='ocrx_word' id='word_1_68' title='bbox 542 763 695 820; x_wconf 73' lang='lat' dir='ltr'><strong><em>plura?</em></strong></span> <span class='ocrx_word' id='word_1_69' title='bbox 746 761 948 804; x_wconf 85' lang='lat' dir='ltr'>Ciceronis</span> <span class='ocrx_word' id='word_1_70' title='bbox 981 778 1064 803; x_wconf 87' lang='lat' dir='ltr'><strong>esse</strong></span> <span class='ocrx_word' id='word_1_71' title='bbox 1092 772 1211 817; x_wconf 84' lang='lat' dir='ltr'>puto,</span> <span class='ocrx_word' id='word_1_72' title='bbox 1260 766 1330 804; x_wconf 87' lang='lat' dir='ltr'><strong>sed</strong></span> <span class='ocrx_word' id='word_1_73' title='bbox 1369 765 1635 803; x_wconf 76' lang='lat' dir='ltr'>demonstrare</span> 
     </span>
     <span class='ocr_line' id='line_1_10' title="bbox 182 834 382 892; baseline -0.005 -15"><span class='ocrx_word' id='word_1_74' title='bbox 182 834 382 892; x_wconf 64' lang='lat' dir='ltr'><strong>nequem]</strong></span> 
     </span>
    </p>

    <p class='ocr_par' dir='ltr' id='par_1_6' title="bbox 183 897 1632 1014">
     <span class='ocr_line' id='line_1_11' title="bbox 299 897 1632 956; baseline -0.005 -12"><span class='ocrx_word' id='word_1_75' title='bbox 299 906 335 956; x_wconf 55' lang='grc' dir='ltr'><strong>ᾗ.</strong></span> <span class='ocrx_word' id='word_1_76' title='bbox 368 908 436 943; x_wconf 89' lang='grc'><strong>60.</strong></span> <span class='ocrx_word' id='word_1_77' title='bbox 495 899 718 941; x_wconf 70' lang='lat' dir='ltr'><strong><em>introduxi.</em></strong></span> <span class='ocrx_word' id='word_1_78' title='bbox 759 897 827 940; x_wconf 88' lang='lat' dir='ltr'><strong>Sic</strong></span> <span class='ocrx_word' id='word_1_79' title='bbox 851 898 945 940; x_wconf 84' lang='lat' dir='ltr'><strong>Par.</strong></span> <span class='ocrx_word' id='word_1_80' title='bbox 979 903 1016 940; x_wconf 90' lang='lat'><strong>1.</strong></span> <span class='ocrx_word' id='word_1_81' title='bbox 1045 905 1086 940; x_wconf 90' lang='lat'><strong>2.</strong></span> <span class='ocrx_word' id='word_1_82' title='bbox 1122 903 1161 940; x_wconf 88' lang='grc'><strong>6.</strong></span> <span class='ocrx_word' id='word_1_83' title='bbox 1255 900 1447 951; x_wconf 80' lang='lat' dir='ltr'><strong><em>invenire,</em></strong></span> <span class='ocrx_word' id='word_1_84' title='bbox 1491 908 1532 938; x_wconf 77' lang='lat' dir='ltr'><strong>ut</strong></span> <span class='ocrx_word' id='word_1_85' title='bbox 1562 898 1632 938; x_wconf 75' lang='lat' dir='ltr'><strong>ait.</strong></span> 
     </span>
     <span class='ocr_line' id='line_1_12' title="bbox 183 966 1100 1014; baseline -0.005 0"><span class='ocrx_word' id='word_1_86' title='bbox 183 972 252 1014; x_wconf 83' lang='lat' dir='ltr'><strong>Sic</strong></span> <span class='ocrx_word' id='word_1_87' title='bbox 271 971 360 1012; x_wconf 84' lang='lat' dir='ltr'><strong>Par.</strong></span> <span class='ocrx_word' id='word_1_88' title='bbox 386 975 425 1011; x_wconf 88' lang='grc'><strong>6.</strong></span> <span class='ocrx_word' id='word_1_89' title='bbox 483 981 525 1009; x_wconf 82' lang='lat' dir='ltr'><strong>ut</strong></span> <span class='ocrx_word' id='word_1_90' title='bbox 546 972 585 1009; x_wconf 86' lang='lat' dir='ltr'><strong>in</strong></span> <span class='ocrx_word' id='word_1_91' title='bbox 609 967 775 1007; x_wconf 85' lang='lat' dir='ltr'><em>Verrem</em></span> <span class='ocrx_word' id='word_1_92' title='bbox 796 972 855 1008; x_wconf 81' lang='lat' dir='ltr'><strong>ait</strong></span> <span class='ocrx_word' id='word_1_93' title='bbox 884 966 973 1008; x_wconf 82' lang='lat' dir='ltr'><strong>Par.</strong></span> <span class='ocrx_word' id='word_1_94' title='bbox 997 973 1035 1008; x_wconf 84' lang='lat'><strong>1.</strong></span> <span class='ocrx_word' id='word_1_95' title='bbox 1059 973 1100 1009; x_wconf 90' lang='grc'><strong>2.</strong></span> 
     </span>
    </p>

    <p class='ocr_par' dir='ltr' id='par_1_7' title="bbox 295 1035 1022 1094">
     <span class='ocr_line' id='line_1_13' title="bbox 295 1035 1022 1094; baseline -0.006 -14"><span class='ocrx_word' id='word_1_96' title='bbox 295 1042 332 1094; x_wconf 78' lang='lat'><strong>§.</strong></span> <span class='ocrx_word' id='word_1_97' title='bbox 366 1044 433 1079; x_wconf 88' lang='grc'><strong>61.</strong></span> <span class='ocrx_word' id='word_1_98' title='bbox 492 1038 687 1078; x_wconf 71' lang='lat' dir='ltr'><strong>inductus.</strong></span> <span class='ocrx_word' id='word_1_99' title='bbox 719 1035 786 1076; x_wconf 77' lang='lat' dir='ltr'><strong>Sic</strong></span> <span class='ocrx_word' id='word_1_100' title='bbox 806 1036 897 1076; x_wconf 81' lang='lat' dir='ltr'><strong>Par.</strong></span> <span class='ocrx_word' id='word_1_101' title='bbox 923 1041 960 1075; x_wconf 90' lang='lat'><strong>1.</strong></span> <span class='ocrx_word' id='word_1_102' title='bbox 982 1041 1022 1076; x_wconf 85' lang='lat'><strong>2.</strong></span> 
     </span>
    </p>

    <p class='ocr_par' dir='ltr' id='par_1_8' title="bbox 295 1104 1199 1162">
     <span class='ocr_line' id='line_1_14' title="bbox 295 1104 1199 1162; baseline -0.006 -13"><span class='ocrx_word' id='word_1_103' title='bbox 295 1110 331 1162; x_wconf 83' lang='lat'><strong>§.</strong></span> <span class='ocrx_word' id='word_1_104' title='bbox 363 1112 428 1148; x_wconf 85' lang='lat'><strong>62.</strong></span> <span class='ocrx_word' id='word_1_105' title='bbox 489 1123 564 1146; x_wconf 83' lang='lat' dir='ltr'><strong>non</strong></span> <span class='ocrx_word' id='word_1_106' title='bbox 586 1108 625 1144; x_wconf 80' lang='lat' dir='ltr'><strong>in</strong></span> <span class='ocrx_word' id='word_1_107' title='bbox 645 1105 731 1144; x_wconf 75' lang='lat' dir='ltr'><strong>hoc.</strong></span> <span class='ocrx_word' id='word_1_108' title='bbox 782 1104 872 1145; x_wconf 86' lang='lat' dir='ltr'><strong>Par.</strong></span> <span class='ocrx_word' id='word_1_109' title='bbox 898 1109 937 1144; x_wconf 88' lang='lat'><strong>1.</strong></span> <span class='ocrx_word' id='word_1_110' title='bbox 958 1109 998 1143; x_wconf 87' lang='grc'><strong>2.</strong></span> <span class='ocrx_word' id='word_1_111' title='bbox 1018 1120 1092 1143; x_wconf 84' lang='lat' dir='ltr'><strong>non</strong></span> <span class='ocrx_word' id='word_1_112' title='bbox 1113 1104 1199 1144; x_wconf 79' lang='lat' dir='ltr'><strong>hoc.</strong></span> 
     </span>
    </p>

    <p class='ocr_par' dir='ltr' id='par_1_9' title="bbox 295 1171 997 1230">
     <span class='ocr_line' id='line_1_15' title="bbox 295 1171 997 1230; baseline -0.006 -13"><span class='ocrx_word' id='word_1_113' title='bbox 295 1181 331 1230; x_wconf 60' lang='grc' dir='ltr'><strong>ξ.</strong></span> <span class='ocrx_word' id='word_1_114' title='bbox 366 1181 433 1216; x_wconf 81' lang='grc'><strong>63.</strong></span> <span class='ocrx_word' id='word_1_115' title='bbox 493 1175 662 1213; x_wconf 78' lang='lat' dir='ltr'><strong><em>iteratio.</em></strong></span> <span class='ocrx_word' id='word_1_116' title='bbox 694 1171 761 1213; x_wconf 80' lang='lat' dir='ltr'><strong>Sic</strong></span> <span class='ocrx_word' id='word_1_117' title='bbox 780 1172 870 1213; x_wconf 86' lang='lat' dir='ltr'><strong>Par.</strong></span> <span class='ocrx_word' id='word_1_118' title='bbox 895 1179 932 1212; x_wconf 88' lang='lat'><strong>1.</strong></span> <span class='ocrx_word' id='word_1_119' title='bbox 956 1178 997 1213; x_wconf 88' lang='grc'><strong>2.</strong></span> 
     </span>
    </p>

    <p class='ocr_par' dir='ltr' id='par_1_10' title="bbox 180 1238 1630 1366">
     <span class='ocr_line' id='line_1_16' title="bbox 298 1238 1630 1296; baseline -0.005 -12"><span class='ocrx_word' id='word_1_120' title='bbox 298 1246 335 1296; x_wconf 86' lang='lat'><strong>§.</strong></span> <span class='ocrx_word' id='word_1_121' title='bbox 369 1244 435 1284; x_wconf 82' lang='grc'><strong>64.</strong></span> <span class='ocrx_word' id='word_1_122' title='bbox 496 1245 674 1296; x_wconf 69' lang='lat' dir='ltr'><strong>erumpit.</strong></span> <span class='ocrx_word' id='word_1_123' title='bbox 707 1240 775 1281; x_wconf 87' lang='lat' dir='ltr'><strong>Sic</strong></span> <span class='ocrx_word' id='word_1_124' title='bbox 792 1241 883 1281; x_wconf 83' lang='lat' dir='ltr'><strong>Par.</strong></span> <span class='ocrx_word' id='word_1_125' title='bbox 905 1245 943 1281; x_wconf 86' lang='lat'><strong>6.</strong></span> <span class='ocrx_word' id='word_1_126' title='bbox 1004 1242 1128 1295; x_wconf 77' lang='lat' dir='ltr'><strong><em>erupit</em></strong></span> <span class='ocrx_word' id='word_1_127' title='bbox 1145 1240 1236 1280; x_wconf 82' lang='lat' dir='ltr'><strong>Par.</strong></span> <span class='ocrx_word' id='word_1_128' title='bbox 1263 1245 1352 1280; x_wconf 87' lang='grc'><strong>1.2.</strong></span> <span class='ocrx_word' id='word_1_129' title='bbox 1441 1238 1630 1293; x_wconf 78' lang='lat' dir='ltr'><em>Zmyrna.</em></span> 
     </span>
     <span class='ocr_line' id='line_1_17' title="bbox 180 1310 666 1366; baseline -0.01 -11"><span class='ocrx_word' id='word_1_130' title='bbox 180 1315 269 1355; x_wconf 80' lang='lat' dir='ltr'><strong>Par.</strong></span> <span class='ocrx_word' id='word_1_131' title='bbox 293 1319 330 1353; x_wconf 86' lang='lat'><strong>1.</strong></span> <span class='ocrx_word' id='word_1_132' title='bbox 351 1319 392 1353; x_wconf 86' lang='lat'><strong>2.</strong></span> <span class='ocrx_word' id='word_1_133' title='bbox 425 1322 461 1350; x_wconf 79' lang='lat' dir='ltr'><strong>ct</strong></span> <span class='ocrx_word' id='word_1_134' title='bbox 491 1310 666 1366; x_wconf 72' lang='lat' dir='ltr'><strong>myrrha.</strong></span> 
     </span>
    </p>

    <p class='ocr_par' dir='ltr' id='par_1_11' title="bbox 293 1375 1354 1434">
     <span class='ocr_line' id='line_1_18' title="bbox 293 1375 1354 1434; baseline -0.006 -14"><span class='ocrx_word' id='word_1_135' title='bbox 293 1383 329 1434; x_wconf 56' lang='grc' dir='ltr'><strong>ᾧ.</strong></span> <span class='ocrx_word' id='word_1_136' title='bbox 363 1385 430 1420; x_wconf 86' lang='grc'><strong>66.</strong></span> <span class='ocrx_word' id='word_1_137' title='bbox 491 1379 644 1418; x_wconf 73' lang='lat' dir='ltr'><strong>relatio.</strong></span> <span class='ocrx_word' id='word_1_138' title='bbox 677 1376 744 1418; x_wconf 92' lang='lat' dir='ltr'><strong>Sic</strong></span> <span class='ocrx_word' id='word_1_139' title='bbox 771 1377 861 1418; x_wconf 82' lang='lat' dir='ltr'><strong>Par.</strong></span> <span class='ocrx_word' id='word_1_140' title='bbox 887 1382 925 1417; x_wconf 91' lang='lat'><strong>1.</strong></span> <span class='ocrx_word' id='word_1_141' title='bbox 979 1376 1098 1417; x_wconf 59' lang='lat' dir='ltr'><strong><em>elafio</em></strong></span> <span class='ocrx_word' id='word_1_142' title='bbox 1128 1375 1217 1417; x_wconf 84' lang='lat' dir='ltr'><strong>Par.</strong></span> <span class='ocrx_word' id='word_1_143' title='bbox 1251 1382 1289 1416; x_wconf 96' lang='grc'><strong>2.</strong></span> <span class='ocrx_word' id='word_1_144' title='bbox 1316 1381 1354 1415; x_wconf 86' lang='grc'><strong>6.</strong></span> 
     </span>
    </p>

    <p class='ocr_par' dir='ltr' id='par_1_12' title="bbox 181 1442 1631 1564">
     <span class='ocr_line' id='line_1_19' title="bbox 296 1442 1631 1499; baseline -0.005 -11"><span class='ocrx_word' id='word_1_145' title='bbox 296 1451 333 1499; x_wconf 82' lang='lat'><strong>§.</strong></span> <span class='ocrx_word' id='word_1_146' title='bbox 369 1453 435 1487; x_wconf 78' lang='grc'><strong>69.</strong></span> <span class='ocrx_word' id='word_1_147' title='bbox 494 1446 664 1498; x_wconf 76' lang='lat' dir='ltr'><strong><em>Ideoque</em></strong></span> <span class='ocrx_word' id='word_1_148' title='bbox 679 1461 793 1498; x_wconf 82' lang='lat' dir='ltr'><strong>parc.</strong></span> <span class='ocrx_word' id='word_1_149' title='bbox 835 1444 925 1483; x_wconf 83' lang='lat' dir='ltr'><strong>Par.</strong></span> <span class='ocrx_word' id='word_1_150' title='bbox 949 1449 985 1484; x_wconf 91' lang='lat'><strong>1.</strong></span> <span class='ocrx_word' id='word_1_151' title='bbox 1007 1450 1046 1485; x_wconf 85' lang='lat'><strong>2.</strong></span> <span class='ocrx_word' id='word_1_152' title='bbox 1068 1448 1250 1484; x_wconf 85' lang='lat' dir='ltr'>inserunt</span> <span class='ocrx_word' id='word_1_153' title='bbox 1271 1444 1358 1483; x_wconf 75' lang='lat' dir='ltr'><strong>hoc.</strong></span> <span class='ocrx_word' id='word_1_154' title='bbox 1441 1442 1540 1499; x_wconf 74' lang='lat' dir='ltr'><strong>fac.</strong></span> <span class='ocrx_word' id='word_1_155' title='bbox 1562 1452 1631 1481; x_wconf 76' lang='lat' dir='ltr'><strong>cst.</strong></span> 
     </span>
     <span class='ocr_line' id='line_1_20' title="bbox 181 1506 1628 1564; baseline -0.007 -6"><span class='ocrx_word' id='word_1_156' title='bbox 181 1517 249 1558; x_wconf 85' lang='lat' dir='ltr'><strong>Sic</strong></span> <span class='ocrx_word' id='word_1_157' title='bbox 274 1516 364 1556; x_wconf 79' lang='lat' dir='ltr'><strong>Par.</strong></span> <span class='ocrx_word' id='word_1_158' title='bbox 390 1521 453 1563; x_wconf 85' lang='lat'><strong>2.,</strong></span> <span class='ocrx_word' id='word_1_159' title='bbox 494 1514 564 1553; x_wconf 83' lang='lat' dir='ltr'><strong>sed</strong></span> <span class='ocrx_word' id='word_1_160' title='bbox 583 1512 673 1553; x_wconf 84' lang='lat' dir='ltr'><strong>Par.</strong></span> <span class='ocrx_word' id='word_1_161' title='bbox 700 1517 737 1552; x_wconf 93' lang='lat'><strong>1.</strong></span> <span class='ocrx_word' id='word_1_162' title='bbox 761 1526 838 1551; x_wconf 88' lang='lat' dir='ltr'><strong>om.</strong></span> <span class='ocrx_word' id='word_1_163' title='bbox 860 1522 930 1551; x_wconf 71' lang='lat' dir='ltr'><strong>esi.</strong></span> <span class='ocrx_word' id='word_1_164' title='bbox 1028 1506 1285 1564; x_wconf 73' lang='lat' dir='ltr'><strong>iniclligatur.</strong></span> <span class='ocrx_word' id='word_1_165' title='bbox 1325 1509 1393 1551; x_wconf 89' lang='lat' dir='ltr'><strong>Sic</strong></span> <span class='ocrx_word' id='word_1_166' title='bbox 1411 1509 1501 1549; x_wconf 84' lang='lat' dir='ltr'><strong>Par.</strong></span> <span class='ocrx_word' id='word_1_167' title='bbox 1529 1513 1565 1548; x_wconf 89' lang='lat'><strong>1.</strong></span> <span class='ocrx_word' id='word_1_168' title='bbox 1589 1514 1628 1548; x_wconf 89' lang='lat'><strong>2.</strong></span> 
     </span>
    </p>

    <p class='ocr_par' dir='ltr' id='par_1_13' title="bbox 264 1579 893 1634">
     <span class='ocr_line' id='line_1_21' title="bbox 264 1579 893 1634; baseline -0.011 -10"><span class='ocrx_word' id='word_1_169' title='bbox 264 1594 306 1624; x_wconf 80' lang='lat' dir='ltr'><strong>ut</strong></span> <span class='ocrx_word' id='word_1_170' title='bbox 330 1585 384 1622; x_wconf 81' lang='grc' dir='ltr'><strong>ἰη.</strong></span> <span class='ocrx_word' id='word_1_171' title='bbox 425 1581 513 1622; x_wconf 84' lang='lat' dir='ltr'><strong>Par.</strong></span> <span class='ocrx_word' id='word_1_172' title='bbox 537 1586 575 1621; x_wconf 82' lang='grc'><strong>1.</strong></span> <span class='ocrx_word' id='word_1_173' title='bbox 601 1586 641 1620; x_wconf 96' lang='grc'><strong>2.</strong></span> <span class='ocrx_word' id='word_1_174' title='bbox 673 1579 801 1634; x_wconf 79' lang='lat' dir='ltr'><strong><em>qualis</em></strong></span> <span class='ocrx_word' id='word_1_175' title='bbox 825 1591 893 1618; x_wconf 66' lang='lat' dir='ltr'><strong>cst.</strong></span> 
     </span>
    </p>

    <p class='ocr_par' dir='ltr' id='par_1_14' title="bbox 295 1646 1127 1703">
     <span class='ocr_line' id='line_1_22' title="bbox 295 1646 1127 1703; baseline -0.008 -11"><span class='ocrx_word' id='word_1_176' title='bbox 295 1653 334 1703; x_wconf 83' lang='lat'><strong>§.</strong></span> <span class='ocrx_word' id='word_1_177' title='bbox 365 1657 434 1691; x_wconf 86' lang='lat'><strong>70.</strong></span> <span class='ocrx_word' id='word_1_178' title='bbox 492 1659 533 1688; x_wconf 83' lang='lat' dir='ltr'><strong>ut</strong></span> <span class='ocrx_word' id='word_1_179' title='bbox 554 1650 594 1687; x_wconf 87' lang='lat' dir='ltr'><strong>in</strong></span> <span class='ocrx_word' id='word_1_180' title='bbox 611 1646 699 1685; x_wconf 72' lang='lat' dir='ltr'><strong>illa.</strong></span> <span class='ocrx_word' id='word_1_181' title='bbox 740 1646 830 1687; x_wconf 83' lang='lat' dir='ltr'><strong>Par.</strong></span> <span class='ocrx_word' id='word_1_182' title='bbox 851 1651 888 1686; x_wconf 83' lang='lat'><strong>1.</strong></span> <span class='ocrx_word' id='word_1_183' title='bbox 909 1652 948 1686; x_wconf 88' lang='grc'><strong>2.</strong></span> <span class='ocrx_word' id='word_1_184' title='bbox 971 1661 1049 1685; x_wconf 87' lang='lat' dir='ltr'><strong>om.</strong></span> <span class='ocrx_word' id='word_1_185' title='bbox 1073 1648 1127 1685; x_wconf 77' lang='lat' dir='ltr'><strong>in.</strong></span> 
     </span>
    </p>

    <p class='ocr_par' dir='ltr' id='par_1_15' title="bbox 291 1712 1416 1772">
     <span class='ocr_line' id='line_1_23' title="bbox 291 1712 1416 1772; baseline -0.008 -11"><span class='ocrx_word' id='word_1_186' title='bbox 291 1722 327 1772; x_wconf 58' lang='grc' dir='ltr'><strong>ξ.</strong></span> <span class='ocrx_word' id='word_1_187' title='bbox 361 1724 430 1759; x_wconf 86' lang='grc'><strong>71.</strong></span> <span class='ocrx_word' id='word_1_188' title='bbox 488 1720 589 1771; x_wconf 77' lang='lat' dir='ltr'><strong><em>ipse,</em></strong></span> <span class='ocrx_word' id='word_1_189' title='bbox 623 1714 736 1769; x_wconf 75' lang='lat' dir='ltr'><strong>quod.</strong></span> <span class='ocrx_word' id='word_1_190' title='bbox 778 1713 846 1754; x_wconf 79' lang='lat' dir='ltr'><strong>Sic</strong></span> <span class='ocrx_word' id='word_1_191' title='bbox 868 1713 959 1754; x_wconf 80' lang='lat' dir='ltr'><strong>Par.</strong></span> <span class='ocrx_word' id='word_1_192' title='bbox 988 1718 1025 1753; x_wconf 88' lang='lat'><strong>1.</strong></span> <span class='ocrx_word' id='word_1_193' title='bbox 1049 1718 1086 1752; x_wconf 90' lang='grc'><strong>6.</strong></span> <span class='ocrx_word' id='word_1_194' title='bbox 1147 1729 1187 1767; x_wconf 85' lang='lat' dir='ltr'><strong>q.</strong></span> <span class='ocrx_word' id='word_1_195' title='bbox 1215 1715 1240 1751; x_wconf 81' lang='lat' dir='ltr'><strong>i.</strong></span> <span class='ocrx_word' id='word_1_196' title='bbox 1264 1712 1353 1752; x_wconf 78' lang='lat' dir='ltr'><strong>Par.</strong></span> <span class='ocrx_word' id='word_1_197' title='bbox 1378 1719 1416 1752; x_wconf 87' lang='grc'><strong>2.</strong></span> 
     </span>
    </p>

    <p class='ocr_par' dir='ltr' id='par_1_16' title="bbox 176 1779 1630 1976">
     <span class='ocr_line' id='line_1_24' title="bbox 290 1779 1630 1840; baseline -0.009 -11"><span class='ocrx_word' id='word_1_198' title='bbox 290 1790 325 1840; x_wconf 52' lang='grc' dir='ltr'><strong>ᾧ.</strong></span> <span class='ocrx_word' id='word_1_199' title='bbox 357 1792 426 1828; x_wconf 83' lang='grc'><strong>73.</strong></span> <span class='ocrx_word' id='word_1_200' title='bbox 486 1796 520 1824; x_wconf 82' lang='lat' dir='ltr'><strong>et</strong></span> <span class='ocrx_word' id='word_1_201' title='bbox 542 1787 593 1823; x_wconf 83' lang='lat' dir='ltr'><strong>in.</strong></span> <span class='ocrx_word' id='word_1_202' title='bbox 625 1786 691 1823; x_wconf 80' lang='lat' dir='ltr'><strong>Sic</strong></span> <span class='ocrx_word' id='word_1_203' title='bbox 712 1782 802 1823; x_wconf 82' lang='lat' dir='ltr'><strong>Par.</strong></span> <span class='ocrx_word' id='word_1_204' title='bbox 828 1788 863 1822; x_wconf 81' lang='lat'><strong>1.</strong></span> <span class='ocrx_word' id='word_1_205' title='bbox 888 1787 930 1822; x_wconf 89' lang='grc'><strong>2.</strong></span> <span class='ocrx_word' id='word_1_206' title='bbox 1017 1783 1167 1820; x_wconf 79' lang='lat' dir='ltr'><strong>mariti.</strong></span> <span class='ocrx_word' id='word_1_207' title='bbox 1199 1779 1266 1821; x_wconf 78' lang='lat' dir='ltr'><strong>Sic</strong></span> <span class='ocrx_word' id='word_1_208' title='bbox 1287 1780 1377 1821; x_wconf 75' lang='lat' dir='ltr'><strong>Par.</strong></span> <span class='ocrx_word' id='word_1_209' title='bbox 1404 1786 1444 1820; x_wconf 90' lang='grc'><strong>2.</strong></span> <span class='ocrx_word' id='word_1_210' title='bbox 1488 1781 1630 1818; x_wconf 79' lang='lat' dir='ltr'><strong><em>marito</em></strong></span> 
     </span>
     <span class='ocr_line' id='line_1_25' title="bbox 176 1860 1257 1900; baseline -0.013 -1"><span class='ocrx_word' id='word_1_211' title='bbox 176 1860 266 1900; x_wconf 83' lang='lat' dir='ltr'><strong>Par.</strong></span> <span class='ocrx_word' id='word_1_212' title='bbox 291 1862 328 1897; x_wconf 88' lang='lat'><strong>1.</strong></span> <span class='ocrx_word' id='word_1_213' title='bbox 1254 1883 1257 1885; x_wconf 17' lang='grc' dir='ltr'><strong>Α</strong></span> 
     </span>
     <span class='ocr_line' id='line_1_26' title="bbox 286 1916 1431 1976; baseline -0.009 -10"><span class='ocrx_word' id='word_1_214' title='bbox 286 1927 323 1976; x_wconf 85' lang='lat'><strong>§.</strong></span> <span class='ocrx_word' id='word_1_215' title='bbox 355 1924 424 1965; x_wconf 85' lang='grc'><strong>74.</strong></span> <span class='ocrx_word' id='word_1_216' title='bbox 483 1923 600 1961; x_wconf 77' lang='lat' dir='ltr'><strong>tueri.</strong></span> <span class='ocrx_word' id='word_1_217' title='bbox 631 1918 699 1959; x_wconf 86' lang='lat' dir='ltr'><strong>Sic</strong></span> <span class='ocrx_word' id='word_1_218' title='bbox 719 1917 811 1959; x_wconf 82' lang='lat' dir='ltr'><strong>I&#39;ar.</strong></span> <span class='ocrx_word' id='word_1_219' title='bbox 834 1924 874 1958; x_wconf 91' lang='grc'><strong>2.</strong></span> <span class='ocrx_word' id='word_1_220' title='bbox 901 1934 978 1958; x_wconf 87' lang='lat' dir='ltr'><strong>sec.</strong></span> <span class='ocrx_word' id='word_1_221' title='bbox 1001 1933 1056 1959; x_wconf 87' lang='lat' dir='ltr'><strong>m.</strong></span> <span class='ocrx_word' id='word_1_222' title='bbox 1115 1919 1199 1956; x_wconf 79' lang='lat' dir='ltr'><strong>veri</strong></span> <span class='ocrx_word' id='word_1_223' title='bbox 1216 1916 1307 1958; x_wconf 88' lang='lat' dir='ltr'><strong>Par.</strong></span> <span class='ocrx_word' id='word_1_224' title='bbox 1333 1922 1367 1957; x_wconf 89' lang='lat' dir='ltr'><strong>l.</strong></span> <span class='ocrx_word' id='word_1_225' title='bbox 1392 1922 1431 1956; x_wconf 81' lang='lat'><strong>6.</strong></span> 
     </span>
    </p>

    <p class='ocr_par' dir='ltr' id='par_1_17' title="bbox 291 1985 1626 2046">
     <span class='ocr_line' id='line_1_27' title="bbox 291 1985 1626 2046; baseline -0.007 -13"><span class='ocrx_word' id='word_1_226' title='bbox 291 1994 328 2046; x_wconf 86' lang='lat'><strong>§.</strong></span> <span class='ocrx_word' id='word_1_227' title='bbox 360 1996 430 2033; x_wconf 88' lang='grc'><strong>75.</strong></span> <span class='ocrx_word' id='word_1_228' title='bbox 489 1988 603 2030; x_wconf 76' lang='lat' dir='ltr'><strong>illud.</strong></span> <span class='ocrx_word' id='word_1_229' title='bbox 635 1986 702 2027; x_wconf 83' lang='lat' dir='ltr'><strong>Sic</strong></span> <span class='ocrx_word' id='word_1_230' title='bbox 722 1986 917 2027; x_wconf 83' lang='lat' dir='ltr'><strong>Par.1.2.</strong></span> <span class='ocrx_word' id='word_1_231' title='bbox 981 1996 1132 2041; x_wconf 67' lang='lat' dir='ltr'><strong>potcs15</strong></span> <span class='ocrx_word' id='word_1_232' title='bbox 1152 1987 1199 2025; x_wconf 81' lang='lat' dir='ltr'><strong>si.</strong></span> <span class='ocrx_word' id='word_1_233' title='bbox 1230 1985 1421 2025; x_wconf 79' lang='lat' dir='ltr'><strong>Par.1.2.</strong></span> <span class='ocrx_word' id='word_1_234' title='bbox 1440 1986 1626 2024; x_wconf 63' lang='lat' dir='ltr'><strong>insenal.</strong></span> 
     </span>
    </p>

    <p class='ocr_par' dir='ltr' id='par_1_18' title="bbox 291 2051 1569 2114">
     <span class='ocr_line' id='line_1_28' title="bbox 291 2051 1569 2114; baseline -0.009 -12"><span class='ocrx_word' id='word_1_235' title='bbox 291 2064 327 2114; x_wconf 56' lang='grc' dir='ltr'><strong>ᾧ.</strong></span> <span class='ocrx_word' id='word_1_236' title='bbox 359 2064 430 2101; x_wconf 90' lang='grc'><strong>76.</strong></span> <span class='ocrx_word' id='word_1_237' title='bbox 488 2067 647 2112; x_wconf 79' lang='lat' dir='ltr'><strong>quanto.</strong></span> <span class='ocrx_word' id='word_1_238' title='bbox 696 2054 787 2095; x_wconf 82' lang='lat' dir='ltr'><strong>Par.</strong></span> <span class='ocrx_word' id='word_1_239' title='bbox 812 2059 847 2093; x_wconf 80' lang='lat'><strong>1.</strong></span> <span class='ocrx_word' id='word_1_240' title='bbox 870 2061 909 2094; x_wconf 90' lang='grc'><strong>2.</strong></span> <span class='ocrx_word' id='word_1_241' title='bbox 940 2070 1027 2108; x_wconf 75' lang='lat' dir='ltr'><strong>quo.</strong></span> <span class='ocrx_word' id='word_1_242' title='bbox 1122 2053 1230 2093; x_wconf 70' lang='lat' dir='ltr'><strong>velle.</strong></span> <span class='ocrx_word' id='word_1_243' title='bbox 1262 2053 1330 2093; x_wconf 82' lang='lat' dir='ltr'><strong>Sic</strong></span> <span class='ocrx_word' id='word_1_244' title='bbox 1350 2051 1440 2092; x_wconf 86' lang='lat' dir='ltr'><strong>Par.</strong></span> <span class='ocrx_word' id='word_1_245' title='bbox 1469 2056 1505 2092; x_wconf 84' lang='lat'><strong>1.</strong></span> <span class='ocrx_word' id='word_1_246' title='bbox 1528 2058 1569 2092; x_wconf 90' lang='grc'><strong>2.</strong></span> 
     </span>
    </p>

    <p class='ocr_par' dir='ltr' id='par_1_19' title="bbox 175 2121 1628 2252">
     <span class='ocr_line' id='line_1_29' title="bbox 291 2121 1628 2180; baseline -0.009 -9"><span class='ocrx_word' id='word_1_247' title='bbox 291 2130 328 2180; x_wconf 85' lang='lat'><strong>§.</strong></span> <span class='ocrx_word' id='word_1_248' title='bbox 361 2132 430 2169; x_wconf 87' lang='lat'><strong>78.</strong></span> <span class='ocrx_word' id='word_1_249' title='bbox 490 2124 662 2164; x_wconf 78' lang='lat' dir='ltr'><strong>eludant.</strong></span> <span class='ocrx_word' id='word_1_250' title='bbox 713 2121 781 2162; x_wconf 88' lang='lat' dir='ltr'><strong>Sic</strong></span> <span class='ocrx_word' id='word_1_251' title='bbox 807 2121 897 2162; x_wconf 79' lang='lat' dir='ltr'><strong>Par.</strong></span> <span class='ocrx_word' id='word_1_252' title='bbox 933 2127 969 2163; x_wconf 88' lang='lat'><strong>1.</strong></span> <span class='ocrx_word' id='word_1_253' title='bbox 996 2128 1035 2162; x_wconf 89' lang='grc'><strong>2.</strong></span> <span class='ocrx_word' id='word_1_254' title='bbox 1096 2121 1192 2173; x_wconf 89' lang='lat' dir='ltr'><strong>[De</strong></span> <span class='ocrx_word' id='word_1_255' title='bbox 1219 2122 1546 2174; x_wconf 73' lang='lat' dir='ltr'><strong>interpretatione</strong></span> <span class='ocrx_word' id='word_1_256' title='bbox 1577 2122 1628 2159; x_wconf 77' lang='lat' dir='ltr'><strong>cs.</strong></span> 
     </span>
     <span class='ocr_line' id='line_1_30' title="bbox 175 2191 1013 2252; baseline -0.012 -12"><span class='ocrx_word' id='word_1_257' title='bbox 175 2198 385 2252; x_wconf 78' lang='lat' dir='ltr'>Spalding.</span> <span class='ocrx_word' id='word_1_258' title='bbox 412 2195 463 2234; x_wconf 85' lang='lat' dir='ltr'><strong>ad</strong></span> <span class='ocrx_word' id='word_1_259' title='bbox 482 2196 554 2234; x_wconf 86' lang='lat' dir='ltr'><strong>lib.</strong></span> <span class='ocrx_word' id='word_1_260' title='bbox 580 2191 641 2243; x_wconf 89' lang='lat' dir='ltr'><strong>X,</strong></span> <span class='ocrx_word' id='word_1_261' title='bbox 663 2195 704 2243; x_wconf 89' lang='lat'><strong>7,</strong></span> <span class='ocrx_word' id='word_1_262' title='bbox 728 2195 766 2231; x_wconf 86' lang='lat'><strong>1.</strong></span> <span class='ocrx_word' id='word_1_263' title='bbox 789 2198 872 2230; x_wconf 90' lang='lat' dir='ltr'><strong>not.</strong></span> <span class='ocrx_word' id='word_1_264' title='bbox 895 2191 1013 2242; x_wconf 84' lang='lat' dir='ltr'>crit.]</span> 
     </span>
    </p>

    <p class='ocr_par' dir='ltr' id='par_1_20' title="bbox 175 2255 1627 2386">
     <span class='ocr_line' id='line_1_31' title="bbox 288 2255 1627 2319; baseline -0.01 -12"><span class='ocrx_word' id='word_1_265' title='bbox 288 2270 325 2319; x_wconf 84' lang='lat'><strong>§.</strong></span> <span class='ocrx_word' id='word_1_266' title='bbox 356 2269 424 2306; x_wconf 91' lang='grc'><strong>81.</strong></span> <span class='ocrx_word' id='word_1_267' title='bbox 483 2260 739 2301; x_wconf 72' lang='lat' dir='ltr'><em>declamatur.</em></span> <span class='ocrx_word' id='word_1_268' title='bbox 789 2257 881 2299; x_wconf 82' lang='lat' dir='ltr'><strong>Par.</strong></span> <span class='ocrx_word' id='word_1_269' title='bbox 913 2263 951 2298; x_wconf 86' lang='lat'><strong>1.</strong></span> <span class='ocrx_word' id='word_1_270' title='bbox 980 2264 1020 2299; x_wconf 91' lang='grc'><strong>2.</strong></span> <span class='ocrx_word' id='word_1_271' title='bbox 1054 2256 1303 2298; x_wconf 66' lang='grc' dir='ltr'><strong>(ἶεοῖαηισέιιν.</strong></span> <span class='ocrx_word' id='word_1_272' title='bbox 1425 2255 1627 2294; x_wconf 79' lang='lat' dir='ltr'><strong>damnavit</strong></span> 
     </span>
     <span class='ocr_line' id='line_1_32' title="bbox 175 2325 939 2386; baseline -0.013 -10"><span class='ocrx_word' id='word_1_273' title='bbox 175 2335 264 2376; x_wconf 82' lang='lat' dir='ltr'><strong>Par.</strong></span> <span class='ocrx_word' id='word_1_274' title='bbox 296 2339 336 2375; x_wconf 89' lang='lat'><strong>2.</strong></span> <span class='ocrx_word' id='word_1_275' title='bbox 367 2348 427 2386; x_wconf 87' lang='lat' dir='ltr'><strong>pr.</strong></span> <span class='ocrx_word' id='word_1_276' title='bbox 455 2346 510 2370; x_wconf 87' lang='lat' dir='ltr'><strong>m.</strong></span> <span class='ocrx_word' id='word_1_277' title='bbox 558 2329 760 2369; x_wconf 78' lang='lat' dir='ltr'><em>accusavit</em></span> <span class='ocrx_word' id='word_1_278' title='bbox 780 2325 872 2367; x_wconf 83' lang='lat' dir='ltr'><strong>Par.</strong></span> <span class='ocrx_word' id='word_1_279' title='bbox 902 2331 939 2366; x_wconf 87' lang='grc'><strong>1.</strong></span> 
     </span>
    </p>

    <p class='ocr_par' dir='ltr' id='par_1_21' title="bbox 278 2393 1102 2454">
     <span class='ocr_line' id='line_1_33' title="bbox 278 2393 1102 2454; baseline -0.011 -11"><span class='ocrx_word' id='word_1_280' title='bbox 278 2403 327 2454; x_wconf 85' lang='lat'><strong>·§.</strong></span> <span class='ocrx_word' id='word_1_281' title='bbox 359 2406 426 2442; x_wconf 86' lang='grc'><strong>82.</strong></span> <span class='ocrx_word' id='word_1_282' title='bbox 486 2411 601 2438; x_wconf 78' lang='lat' dir='ltr'><strong>wrm.</strong></span> <span class='ocrx_word' id='word_1_283' title='bbox 620 2397 763 2435; x_wconf 82' lang='lat' dir='ltr'><strong><em>nomin.</em></strong></span> <span class='ocrx_word' id='word_1_284' title='bbox 803 2393 871 2434; x_wconf 84' lang='lat' dir='ltr'><strong>Sic</strong></span> <span class='ocrx_word' id='word_1_285' title='bbox 893 2393 982 2434; x_wconf 78' lang='lat' dir='ltr'><strong>Par.</strong></span> <span class='ocrx_word' id='word_1_286' title='bbox 1005 2399 1042 2434; x_wconf 88' lang='lat'><strong>1.</strong></span> <span class='ocrx_word' id='word_1_287' title='bbox 1064 2399 1102 2434; x_wconf 90' lang='grc'><strong>2.</strong></span> 
     </span>
    </p>

    <p class='ocr_par' dir='ltr' id='par_1_22' title="bbox 291 2462 1207 2522">
     <span class='ocr_line' id='line_1_34' title="bbox 291 2462 1207 2522; baseline -0.01 -11"><span class='ocrx_word' id='word_1_288' title='bbox 291 2471 329 2521; x_wconf 78' lang='lat'><strong>§.</strong></span> <span class='ocrx_word' id='word_1_289' title='bbox 362 2474 429 2510; x_wconf 83' lang='lat'><strong>83.</strong></span> <span class='ocrx_word' id='word_1_290' title='bbox 485 2464 719 2522; x_wconf 58' lang='lat' dir='ltr'><strong>pertendat-</strong></span> <span class='ocrx_word' id='word_1_291' title='bbox 746 2462 838 2503; x_wconf 88' lang='lat' dir='ltr'><strong>Par.</strong></span> <span class='ocrx_word' id='word_1_292' title='bbox 865 2467 901 2502; x_wconf 82' lang='lat'><strong>1.</strong></span> <span class='ocrx_word' id='word_1_293' title='bbox 930 2468 969 2503; x_wconf 88' lang='grc'><strong>2.</strong></span> <span class='ocrx_word' id='word_1_294' title='bbox 999 2479 1079 2501; x_wconf 80' lang='lat' dir='ltr'><em>esse</em></span> <span class='ocrx_word' id='word_1_295' title='bbox 1105 2472 1207 2516; x_wconf 80' lang='lat' dir='ltr'><em>pert.</em></span> 
     </span>
    </p>

    <p class='ocr_par' dir='ltr' id='par_1_23' title="bbox 177 2528 1623 2715">
     <span class='ocr_line' id='line_1_35' title="bbox 288 2528 1623 2591; baseline -0.013 -12"><span class='ocrx_word' id='word_1_296' title='bbox 288 2540 325 2591; x_wconf 86' lang='lat'><strong>§.</strong></span> <span class='ocrx_word' id='word_1_297' title='bbox 358 2541 427 2578; x_wconf 90' lang='lat'><strong>87.</strong></span> <span class='ocrx_word' id='word_1_298' title='bbox 487 2534 566 2574; x_wconf 75' lang='lat' dir='ltr'><strong>Sed</strong></span> <span class='ocrx_word' id='word_1_299' title='bbox 593 2536 752 2577; x_wconf 65' lang='lat' dir='ltr'><strong>inulta.</strong></span> <span class='ocrx_word' id='word_1_300' title='bbox 795 2530 884 2570; x_wconf 78' lang='lat' dir='ltr'><strong>Par.</strong></span> <span class='ocrx_word' id='word_1_301' title='bbox 913 2535 947 2570; x_wconf 93' lang='lat' dir='ltr'><strong>l.</strong></span> <span class='ocrx_word' id='word_1_302' title='bbox 980 2536 1018 2570; x_wconf 88' lang='grc'><strong>2.</strong></span> <span class='ocrx_word' id='word_1_303' title='bbox 1051 2529 1097 2570; x_wconf 82' lang='lat' dir='ltr'><strong>S.</strong></span> <span class='ocrx_word' id='word_1_304' title='bbox 1129 2529 1177 2568; x_wconf 75' lang='lat' dir='ltr'><strong>(le</strong></span> <span class='ocrx_word' id='word_1_305' title='bbox 1205 2547 1243 2569; x_wconf 85' lang='grc' dir='ltr'><strong>ιι.</strong></span> <span class='ocrx_word' id='word_1_306' title='bbox 1330 2528 1439 2582; x_wconf 73' lang='lat' dir='ltr'><strong><em>sequi</em></strong></span> <span class='ocrx_word' id='word_1_307' title='bbox 1463 2535 1623 2565; x_wconf 71' lang='lat' dir='ltr'><strong><em>contra-</em></strong></span> 
     </span>
     <span class='ocr_line' id='line_1_36' title="bbox 177 2591 1620 2656; baseline -0.009 -12"><span class='ocrx_word' id='word_1_308' title='bbox 177 2608 291 2645; x_wconf 82' lang='lat' dir='ltr'><strong><em>rium.</em></strong></span> <span class='ocrx_word' id='word_1_309' title='bbox 331 2604 420 2645; x_wconf 85' lang='lat' dir='ltr'><strong>Par.</strong></span> <span class='ocrx_word' id='word_1_310' title='bbox 445 2609 483 2644; x_wconf 89' lang='lat'><strong>1.</strong></span> <span class='ocrx_word' id='word_1_311' title='bbox 507 2618 587 2643; x_wconf 84' lang='lat' dir='ltr'><strong>om.</strong></span> <span class='ocrx_word' id='word_1_312' title='bbox 609 2602 732 2656; x_wconf 72' lang='lat' dir='ltr'><strong>sequi.</strong></span> <span class='ocrx_word' id='word_1_313' title='bbox 769 2597 857 2640; x_wconf 81' lang='lat' dir='ltr'><strong>Par.</strong></span> <span class='ocrx_word' id='word_1_314' title='bbox 880 2604 920 2639; x_wconf 88' lang='grc'><strong>2.</strong></span> <span class='ocrx_word' id='word_1_315' title='bbox 951 2597 1060 2653; x_wconf 77' lang='lat' dir='ltr'><strong><em>loqui</em></strong></span> <span class='ocrx_word' id='word_1_316' title='bbox 1090 2612 1171 2638; x_wconf 83' lang='lat'><strong>0111.</strong></span> <span class='ocrx_word' id='word_1_317' title='bbox 1202 2606 1328 2638; x_wconf 75' lang='lat' dir='ltr'><strong>contr.</strong></span> <span class='ocrx_word' id='word_1_318' title='bbox 1415 2596 1490 2635; x_wconf 77' lang='lat' dir='ltr'><strong>vic.</strong></span> <span class='ocrx_word' id='word_1_319' title='bbox 1524 2591 1620 2631; x_wconf 74' lang='lat' dir='ltr'><strong>vult.</strong></span> 
     </span>
     <span class='ocr_line' id='line_1_37' title="bbox 177 2669 831 2715; baseline -0.012 -1"><span class='ocrx_word' id='word_1_320' title='bbox 177 2672 243 2715; x_wconf 73' lang='lat' dir='ltr'><strong>Sic</strong></span> <span class='ocrx_word' id='word_1_321' title='bbox 263 2672 352 2713; x_wconf 79' lang='lat' dir='ltr'><strong>Par.</strong></span> <span class='ocrx_word' id='word_1_322' title='bbox 379 2678 413 2712; x_wconf 78' lang='lat'><strong>1.</strong></span> <span class='ocrx_word' id='word_1_323' title='bbox 438 2678 476 2712; x_wconf 83' lang='lat'><strong>2.</strong></span> <span class='ocrx_word' id='word_1_324' title='bbox 828 2669 831 2675; x_wconf 80' lang='grc'><strong>”</strong></span> 
     </span>
    </p>
   </div>
  </div>
 </body>
</html>
