1775 3091
223 257 350 292 xvm

345 355 458 405 Quid
488 350 625 404 enim,
658 353 768 408 quod
798 349 872 392 illa
901 352 1090 393 codicum
1123 364 1230 397 mss.⁴
1255 354 1446 395 condicio
1477 362 1570 409 post
1598 355 1682 409 pri—

235 452 325 479 mos
354 442 548 492 quattuor
583 431 718 472 libros
757 445 1011 486 magnopere
1040 434 1195 472 mutari
1225 432 1417 473 videtur?
1472 434 1593 473 cuius
1619 434 1682 473 rei

238 521 349 563 ratio.
381 518 484 556 item
524 509 756 551 clarissime
796 511 1043 565 perspicitur
1080 525 1135 551 ex
1164 510 1448 552 Ambrosiano
1479 510 1512 550 I.
1572 509 1682 552 Nam

238 602 306 642 hic
341 595 450 636 liber
489 604 582 631 cum
622 590 665 628 in
708 586 784 627 illa
822 590 945 628 tertia
975 598 1092 643 parte
1123 591 1261 644 operis
1291 603 1376 629 non
1405 588 1490 630 fide
1521 598 1683 630 tantum

237 692 321 721 una
350 676 445 716 cuin
474 668 647 723 reliquis
680 666 802 706 bonis
832 666 1027 718 excellat,
1059 669 1132 708 sed
1162 670 1289 708 etiam
1319 669 1585 708 accuratione
1616 667 1683 708 his

240 760 340 816 ipsis
374 753 501 805 longe
537 752 746 802 praestet,
797 759 870 799 per
909 754 1041 786 totum
1078 745 1234 786 librum
1273 748 1464 801 quintum
1503 755 1543 786 et
1571 748 1683 787 sexti

239 847 434 892 magnarii
462 834 621 882 partem
653 820 912 878 negligentia
942 833 983 864 et
1009 826 1249 879 ignorantia
1276 823 1442 865 librarii
1463 832 1682 879 corruptus

240 918 427 959 videtur,
481 918 558 946 nec
595 916 687 957 perv
712 903 982 956 insequentes
1020 901 1179 953 libros,
1229 904 1309 943 etsi
1346 901 1472 958 longe
1513 903 1682 957 quidem

241 989 482 1046 diligentior
512 981 574 1033 fit,
604 981 866 1035 ignorantiae
898 989 1037 1021 tamen
1068 981 1228 1021 mederi
1257 989 1405 1035 potest.
1463 979 1608 1036 Itaque
1637 981 1681 1020 in

240 1074 319 1114 hac
347 1075 464 1124 parte
495 1076 577 1103 non
603 1060 706 1100 adeo
728 1057 905 1098 multum
927 1067 1112 1112 praestat
1133 1057 1358 1100 Tur-icensi
1379 1067 1420 1099 et
1437 1058 1683 1100 Florentino

240 1150 472 1199 ceterisque
502 1139 694 1194 ejusdem
724 1146 880 1187 sectae,
914 1138 1013 1190 quin
1047 1138 1174 1177 etiam
1205 1151 1349 1178 omnes
1379 1136 1424 1178 hi
1443 1137 1685 1193 frequenter

241 1228 415 1271 alterius
444 1231 485 1261 et
515 1219 666 1260 tertiae
698 1215 847 1256 classis
878 1214 1084 1256 librorum
1105 1213 1264 1255 auxilio
1286 1217 1549 1257 sustentandi
1567 1224 1683 1266 sunt,

243 1317 287 1351 ut
306 1306 485 1347 lacunae
515 1297 674 1351 aliquot
704 1294 931 1335 verborum
963 1294 1015 1334 ad
1045 1307 1214 1334 sensum
1244 1296 1581 1335 necessariorum
1610 1307 1684 1335 ex—

240 1387 456 1443 pleantur,
506 1384 579 1417 aut
629 1375 766 1428 turpia
816 1372 994 1413 aliorum
1041 1371 1267 1412 verborum
1310 1370 1464 1412 menda
1503 1373 1684 1413 certiore

243 1464 421 1522 quadam
451 1459 520 1498 via
550 1452 775 1501 tollantur,
809 1465 932 1505 quam
961 1450 1056 1491 fieri
1088 1465 1210 1505 posse
1240 1452 1398 1491 nostris
1429 1451 1685 1504 conjecturis

242 1542 446 1581 videatur.
518 1534 589 1573 Sic
617 1546 655 1571 v.
689 1545 723 1570 c.
747 1528 805 1580 V,
841 1534 891 1580 7,
926 1534 974 1579 1,
1015 1529 1273 1580 defferenlz'a
1302 1541 1378 1583 pro
1410 1528 1684 1580 dfffidentia,

241 1623 276 1670 ξ,
295 1621 347 1658 29
373 1629 480 1671 pars
519 1626 594 1667 pro
627 1623 802 1664 param,
852 1622 903 1648 ea
931 1622 1007 1662 pro
1047 1622 1191 1656 εηηεα,
1222 1609 1327 1657 §.16
1365 1606 1440 1647 ode·
1466 1620 1541 1661 pro
1573 1608 1685 1661 ejus—

241 1698 356 1739 mode?
392 1697 436 1735 in
477 1690 671 1732 omnibus
723 1689 883 1742 primae
933 1684 1079 1726 classis
1123 1684 1247 1726 libris
1286 1683 1510 1739 leguntur,
1559 1693 1602 1723 et
1640 1686 1684 1723 in

236 1775 446 1832 ‘principio
486 1768 694 1824 prooemii
734 1765 831 1805 libri
852 1764 894 1804 V
935 1763 1064 1803 verba
1106 1763 1183 1803 sed
1219 1766 1299 1803 vix
1338 1766 1469 1802 etiam
1497 1766 1590 1802 viro
1621 1761 1686 1802 ἀί-

240 1867 390 1911 guum,
440 1852 558 1889 item>
585 1846 643 1895 Y,
668 1848 708 1894 7,
733 1847 755 1884 5
805 1840 1035 1895 compluria
1079 1841 1208 1881 verba
1258 1840 1310 1881 ab
1355 1839 1440 1880 illis
1489 1839 1686 1880 omnibus

241 1933 417 1979 absunt,
460 1936 500 1966 et
528 1924 586 1973 V,
619 1926 659 1972 9,
693 1925 740 1961 11
777 1919 909 1959 τρώει
939 1925 1037 1959 sunt
1065 1944 1121 1949 ——
1151 1923 1324 1973 utrique
1360 1920 1404 1958 in
1435 1918 1634 1960 Ambros.
1666 1917 1686 1958 I

242 2011 504 2051 omittuntur.
589 2000 722 2054 Cujus
764 2000 825 2038 rei
869 1996 995 2036 aliam
1033 2011 1112 2050 ego
1152 1996 1426 2051 explicandae
1477 1998 1685 2037 rationem

242 2103 325 2129 non
354 2084 541 2130 iux-ento,
573 2079 658 2118 nisi
689 2085 735 2116 ut
762 2084 958 2123 statuam,
989 2088 1081 2113 eam
1110 2083 1271 2128 partem
1302 2074 1542 2114 vetustioris
1569 2070 1684 2123 libri,

240 2167 352 2208 unde
384 2170 455 2203 aut
485 2158 601 2201 solus
628 2155 934 2196 Ambrosianus
964 2151 983 2191 I
1027 2152 1141 2205 (nam
1172 2154 1208 2192 is
1239 2153 1365 2192 etiam
1395 2150 1464 2191 hic
1495 2152 1685 2192 ordinem

242 2245 356 2286 ducit
385 2237 574 2290 suorum)
605 2243 675 2275 aut
701 2232 774 2273 alii
802 2230 1099 2286 quoque-boni
1129 2230 1326 2284 descripti
1355 2238 1477 2279 sunt,
1527 2238 1686 2284 tempo·

240 2326 300 2365 ris
337 2320 497 2374 injuria
534 2321 773 2368 corruptum
804 2310 964 2359 fuisse,
1014 2317 1060 2349 ut
1091 2307 1314 2358 librarius,
1366 2321 1459 2348 cum
1487 2309 1684 2363 expedite

240 2400 383 2456 legere
411 2410 496 2438 non
537 2400 700 2448 posset,
752 2389 892 2429 taedio
934 2401 982 2427 ac
1023 2388 1316 2441 desperatione
1342 2387 1551 2440 pessimae
1581 2387 1684 2426 scri—

240 2487 385 2533 pturae
415 2473 675 2516 afficeretur3
703 2468 778 2509 sed
808 2465 937 2506 alium
968 2465 1098 2505 fuisse
1129 2463 1307 2513 librum,
1339 2462 1495 2518 alioqui
1526 2466 1683 2504 virtute

239 2555 305 2596 illi
332 2554 590 2600 inferiorem,
617 2549 691 2588 sed
719 2544 1120 2592 melius'servatum‚
1153 2544 1264 2584 unde
1287 2543 1451 2583 codices
1471 2541 1682 2583 secundae

239 2643 278 2673 et
311 2633 458 2672 tertiae
490 2628 636 2668 classis
667 2624 864 2676 descripti
898 2622 1067 2661 suerint.
